2809 4792
1504 402 1549 424 u

459 541 702 603 Etrusca
752 539 1058 622 disciplina
1105 541 1368 618 contulit,
1410 543 1623 622 quippe
1670 559 1821 621 quae
1869 545 2341 622 superstitionem
2393 550 2601 629 magiS‚

451 667 622 729 quam
668 649 975 712 scientiam
1021 649 1206 711 aleret
1232 651 1305 725 ³).
1395 651 1542 725 Quis
1584 669 1729 712 vero
1776 657 1885 728 est,
1933 653 2031 733 qui
2080 656 2341 729 nesciat,
2385 662 2598 734 quanta

455 756 852 836 auspiciorum
894 763 954 818 et
995 757 1376 838 auguriorum
1419 758 1478 818 in
1523 757 1824 837 republica
1868 758 2129 821 Romana
2181 761 2350 823 suerit
2390 771 2604 824 aucto-

451 866 640 926 ritas?
723 865 1067 946 Quanquam
1111 866 1205 928 illa
1255 868 1372 928 iam
1415 886 1447 928 a
1493 866 1739 944 Catone,
1781 869 1878 948 qui
1926 869 2052 949 ipse
2095 887 2285 951 augur
2328 884 2473 948 erat,
2516 875 2603 936 ri-

450 978 717 1039 debatur.
802 978 983 1039 Vetus
1026 985 1257 1053 autem,
1310 977 1500 1057 inquit
1541 976 1754 1039 Cicero
1783 984 1881 1055 ⁴),
1924 978 2061 1045 illud
2109 978 2349 1041 Catonis
2392 982 2605 1042 admo-

440 1087 580 1148 dum
627 1087 835 1147 scitum
885 1092 995 1159 est,
1038 1082 1135 1164 qui
1172 1086 1372 1146 mirari
1421 1102 1489 1147 se
1535 1084 1749 1164 aiebat,
1789 1087 1948 1167 quod
1990 1105 2109 1148 non
2156 1088 2379 1163 rideret
2419 1088 2602 1152 haru-

446 1194 677 1276 spex·‚'
724 1192 1095 1274 haruspicem
1165 1210 1338 1274 quum
1400 1195 1670 1258 vidisset.
1775 1192 1998 1258 Deerat
2063 1204 2254 1258 autem
2321 1197 2600 1260 Romanis

448 1301 661 1364 subtile
702 1301 840 1362 illud
884 1319 1078 1363 rerum
1127 1302 1596 1383 indagatum-'um
1634 1303 1887 1369 studium
1932 1310 1991 1365 et
2033 1324 2196 1380 acre,
2240 1323 2355 1386 quo
2385 1306 2599 1368 Graeci

442 1419 751 1490 tantopere
777 1410 1093 1488 excellunt,
1135 1412 1411 1491 iudicium
1435 1416 1538 1493 ὃ),
1561 1412 1721 1487 unde
1746 1414 1919 1474 etiam
1945 1420 2178 1493 postea,
2225 1433 2396 1494 quum
2440 1421 2598 1475 totus

430 1526 724 1581 terrarum
791 1520 953 1580 orbis
1012 1520 1286 1581 Romano
1349 1522 1595 1600 imperio
1664 1521 1965 1583 subiectus
2037 1524 2466 1585 mercatoribus
2533 1530 2594 1584 et

435 1628 697 1689 curiosis
742 1628 1068 1689 viatoribus
1098 1635 1342 1708 pateret
1366 1630 1454 1706 ὁ),
1497 1646 1672 1709 quum
1701 1629 2001 1691 rarissima
2031 1649 2302 1712 quaeque
2328 1631 2587 1692 omnium

432 1744 718 1798 terrarum
768 1737 897 1797 sive
940 1738 1085 1798 artis
1138 1738 1269 1799 sive
1316 1742 1568 1799 naturae
1609 1735 1854 1800 Romam
1897 1737 2268 1801 confluerent
2297 1743 2389 1816 ⁷),
2447 1737 2587 1803 nihil

631 1959 845 2008 cationis
886 1965 1155 2024 parentem
1193 1957 1412 2011 maxime
1459 1958 1781 2009 veneremur.
1853 1956 1977 2009 Nam
2020 1956 2170 2009 huius
2210 1957 2430 2011 XXVIII
2469 1974 2587 2011 me·-

632 2052 896 2107 tnorabilia
934 2051 1024 2103 illa
1064 2051 1326 2101 volumina
1365 2065 1430 2100 ex
1466 2049 1600 2101 SCto
1642 2052 1693 2101 in
1741 2051 1975 2103 Latinum
2009 2067 2297 2105 sermonem
2334 2068 2585 2106 conversa

636 2156 770 2199 sunt.
845 2147 923 2198 Cf.
964 2145 1093 2198 Plin.
1132 2144 1311 2208 xvm,
1348 2145 1400 2195 5.

523 2237 581 2310 3)
624 2240 702 2291 Cf.
742 2239 850 2290 Cic.
892 2238 955 2290 de
989 2248 1092 2291 nat.
1131 2239 1270 2289 deor.
1316 2238 1381 2303 11,
1426 2239 1475 2290 3.
1517 2239 1580 2289 de
1615 2238 1715 2291 div.
1757 2237 1823 2302 11,
1856 2238 1943 2293 33.

535 2338 592 2404 4)
629 2335 705 2387 De
742 2335 844 2386 div.
884 2335 946 2398 11,
989 2337 1074 2391 24.
1150 2334 1229 2386 cf.
1267 2333 1331 2385 de
1370 2343 1475 2387 nat.
1514 2334 1653 2386 deor.
1692 2333 1732 2398 1,
1774 2333 1858 2386 26.
1938 2333 2064 2384 Vide
2106 2334 2362 2439 Heynium
2396 2337 2585 2431 Opusc.

630 2432 772 2482 acad.
816 2431 906 2483 IlI.
943 2448 992 2498 p.
1035 2431 1137 2483 267
1174 2448 1250 2499 sq.

525 2527 582 2595 5)
619 2525 960 2577 Romanorum
1012 2534 1225 2576 naturae
1270 2489 1668 2591 perscrutandae
1704 2524 1868 2576 studia
1919 2525 2088 2576 nimiis
2127 2524 2364 2587 laudibus
2397 2520 2585 2576 tollere

610 2621 836 2672 videtur
894 2620 951 2672 G.
998 2620 1060 2672 fl.
1115 2619 1428 2675 Schubertus
1482 2619 1821 2695 „Geschichte
1878 2619 1969 2670 der
2019 2619 2200 2672 Seele“
2238 2638 2287 2688 p.
2323 2621 2428 2674 906
2465 2638 2581 2690 sqq.
2644 2628 2657 2641 '

624 2715 733 2769 926
769 2715 873 2784 (ed.
916 2716 1003 2784 11).

514 2810 586 2882 ,6)
625 2809 703 2865 Gr
745 2811 866 2867 Seu.
903 2810 1076 2862 Natur.
1114 2816 1312 2876 quaest.
1349 2760 1573 2875 Iprael'.
1612 2807 1723 2871 VII,
1762 2809 1849 2866 31.

531 2910 586 2979 7)
623 2907 944 2963 Incredibilis
977 2906 1194 2959 ferarum
1233 2906 1613 2972 peregrinarum
1650 2904 1918 2956 multitudo
1965 2902 2171 2953 Romam
2219 2903 2586 2969 advehebatur,

628 3020 760 3074 quae
816 3006 868 3055 in
923 3001 1055 3053 ludis
1107 3001 1327 3070 publicis
1387 3001 1767 3052 exhiberentur.
1841 2998 2017 3050 Refert
2068 2996 2257 3048 Plinius
2296 2998 2446 3059 VIII,
2483 2999 2607 3051 202.

637 3097 1049 3154 Leonumsimul
1093 3098 1310 3164 plurium
1353 3112 1573 3164 pugnam
1615 3096 1803 3146 Romae
1853 3095 2089 3160 princeps
2137 3092 2275 3142 dedit
2320 3092 2379 3155 Q.
2419 3092 2583 3144 Scae-

631 3196 788 3258 vola,
845 3194 896 3245 P.
935 3193 1110 3255 fitius,
1157 3194 1210 3243 in
1266 3191 1429 3243 curuli
1482 3189 1757 3240 aedilitate.
1831 3192 2042 3239 Centum
2092 3197 2257 3239 autem
2294 3187 2581 3238 iubatorum

636 3294 828 3360 primus
870 3289 1111 3338 omnium¹
1135 3288 1189 3338 L.
1228 3286 1402 3349 Sulla,
1455 3287 1542 3354 qui
1579 3292 1758 3351 postea
1809 3282 2022 3334 dictator
2055 3283 2181 3345 fuit,
2234 3284 2286 3334 in
2322 3290 2581 3350 praetura.

637 3387 760 3440 Post
787 3400 902 3436 eum
928 3382 1198 3448 Pompeius
1217 3380 1430 3446 Magnus
1464 3381 1516 3430 in
1538 3377 1688 3430 Circo
1708 3377 1813 3442 DC,
1853 3380 1904 3429 in
1940 3379 2002 3429 iis
2023 3378 2323 3437 ¹iubatorum
2345 3377 2583 3442 CCCXV,

624 3482 817 3533 Caesar
871 3478 1089 3528 dictator
1135 3473 1322 3537 CCCC.
1396 3473 1475 3525 cf.
1513 3475 1629 3525 Sen.
1678 3473 1741 3524 de
1790 3472 1971 3526 brevit.
2024 3477 2161 3524 vitae
2195 3475 2291 3536 13,
2328 3474 2360 3523 5
2447 3473 2581 3525 Plin.

639 3576 776 3641 vm,
813 3574 898 3626 24.
969 3573 1189 3625 Scaurus
1228 3572 1419 3637 primus
1457 3568 1715 3620 aedilitate
1751 3585 1842 3620 sua
1876 3570 2043 3620 varias
2080 3568 2351 3636 pantheras
2378 3567 2458 3619 CL
2483 3569 2581 3617 mi-

636 3675 705 3723 sit
740 3687 802 3722 ex
833 3668 1031 3730 Africa,
1068 3662 1252 3717 deinde
1286 3660 1556 3731 Pompeius
1593 3664 1657 3720 Μ.
1697 3660 1928 3728 CCCCX,
1969 3665 2278 3717 Octavianus
2321 3664 2581 3730 Augustus

640 3765 917 3818 CCCCXX.
960 3761 1260 3814 crocodilos
1287 3761 1477 3826 primus
1499 3757 1712 3810 dedit'M.
1733 3760 1949 3810 Scaurus
1973 3759 2061 3828 (cf.
2084 3759 2218 3823 VIII,
2238 3760 2346 3827 40).
2392 3758 2583 3808 Came-

634 3859 913 3928 lopardalis
950 3859 1208 3909 dictatoris
1244 3854 1478 3906 Caesaris
1518 3852 1842 3905 Circensibus
1880 3852 2010 3905 ludis
2046 3854 2215 3919 (VIII,
2250 3856 2335 3910 27.
2390 3854 2454 3902 cf.
2495 3853 2580 3902 in-

636 3964 789 4021 terpr.
815 3930 891 4003 'ad
927 3952 1099 4004 Horat.
1142 3954 1284 4020 epist.
1322 3951 1390 4015 11,
1434 3955 1478 4013 1,
1517 3950 1678 4016 195),
1719 3950 2045 4014 rhinoceros,
2086 3948 2291 4000 chamus
2330 3955 2380 3998 et
2415 3960 2577 4012 cepus

639 4049 866 4117 Pompeii
908 4047 1040 4098 ludis
1075 4048 1265 4099 Romae
1316 4045 1527 4096 exhibiti
1570 4053 1686 4097 sunt
1724 4044 1902 4114 (vm,
1942 4045 2026 4097 28.
2064 4045 2172 4115 29).
2247 4047 2322 4095 De
2357 4042 2574 4109 tigribus

637 4144 844 4197 Romam
881 4143 1093 4210 portatis
1131 4142 1251 4193 vide
1292 4139 1417 4192 Plin.
1458 4139 1605 4202 vm,
1638 4139 1723 4192 25.
1796 4140 1961 4192 Nimia
1997 4140 2333 4192 Romanorum
2377 4137 2577 4188 luxuria

633 4239 844 4294 vivariis
898 4252 1100 4306 quoque
1138 4245 1190 4287 et
1228 4237 1432 4286 aviariis
1482 4237 1730 4303 originem
1783 4235 1937 4288 dedit.
2012 4236 2220 4302 Sergius
2270 4232 2422 4286 Orata
2459 4239 2581 4284 ante
