2809 4792
1276 409 1713 473 ...8.-

432 601 560 656 tura
604 594 730 656 fieri
777 609 897 656 non
939 610 1155 675 posse,
1197 593 1311 656 sibi
1349 608 1697 674 persuasum
1740 592 1998 656 habebat
2025 595 2147 671 ³²),
2189 610 2364 674 quum
2408 593 2590 655 multa

429 704 788 766 miraculosa
824 705 1111 781 baberet,
1159 720 1315 784 quae
1357 710 1604 766 naturae
1647 705 1838 784 perito
1881 701 2057 764 facile
2103 701 2451 784 explicanda
2485 703 2589 763 vi-
2627 753 2634 758 .

428 813 748 888 derentur,
811 811 971 873 unde
1032 827 1205 890 quum
1250 809 1464 871 nullam
1527 808 1836 873 adhiberet
1887 824 2083 871 rerum
2128 809 2590 883 distinctionem,

423 925 582 986 omni
626 925 781 986 viam
825 921 1054 1002 aperuit
1099 919 1520 1001 superstitioni.
1557 996 1562 1005 ,
1608 920 1951 999 Quanquam
1995 919 2152 980 enim
2209 919 2340 1000 ipse
2385 918 2589 998 qucri-

419 1038 533 1110 tur,
573 1033 781 1094 mirum
827 1048 984 1108 esse,
1032 1047 1149 1110 quo
1192 1029 1483 1110 procedat
1526 1030 1757 1093 Graeca
1808 1028 2127 1091 credulitas
2150 1076 2168 1106 ‚
2215 1029 2297 1090 ita
2337 1034 2404 1089 ut
2442 1026 2589 1088 nul-

417 1142 536 1204 lum
585 1148 702 1204 tam
748 1140 1060 1220 impudens
1102 1140 1475 1202 mendacium
1521 1139 1635 1216 sit,
1686 1138 1844 1219 quod
1886 1145 2040 1200 teste
2079 1144 2285 1199 careat
2315 1140 2400 1214 ⁸³)
2428 1181 2448 1212 ‚
2486 1143 2589 1199 ta·-

420 1266 555 1313 men
600 1250 769 1329 ipse,
826 1262 1000 1330 quum
1041 1249 1280 1310 arcanis
1318 1253 1569 1309 naturae
1611 1247 1836 1309 viribus
1869 1247 2112 1308 nimium
2153 1245 2440 1308 tribueret
2473 1247 2586 1322 ³⁴),

423 1359 498 1421 ab
556 1357 671 1418 hac
730 1356 1081 1419 credulitate
1125 1357 1365 1437 minime
1412 1357 1526 1419 sibl
1570 1357 1746 1418 cavit.
1837 1355 2017 1417 Ouius
2058 1356 2148 1417 rei
2190 1370 2365 1417 unum
2411 1355 2591 1416 lucu-

428 1468 646 1529 lentum
690 1467 908 1529 sufficit
950 1467 1216 1529 attulisse
1254 1466 1690 1528 documentum.
1723 1502 1797 1516 ι-
1833 1463 1924 1527 Ex
1968 1463 2220 1539 seminis,
2266 1464 2454 1541 inquit
2470 1462 2589 1542 ³⁸),

423 1576 635 1637 mutari
672 1576 734 1638 in
777 1592 975 1638 mares
1016 1592 1136 1637 non
1181 1580 1274 1636 est
1319 1574 1667 1637 fabulosum.
1753 1572 1886 1653 lpse
1933 1573 2007 1653 in,
2032 1571 2237 1635 Africa
2282 1570 2403 1633 vidi
2448 1588 2585 1632 mu-

425 1690 606 1746 tatum
648 1685 709 1745 in
751 1674 974 1746 marem
1016 1684 1345 1763 nuptiarum
1389 1682 1487 1744 die
1532 1683 1596 1743 L.
1646 1681 1973 1743 Cossicium
2010 1682 2202 1743 civem
2237 1679 2589 1761 Thysdrita-

418 1806 576 1854 num.
621 1827 703 1840 —
745 1790 903 1853 illius
947 1791 1102 1853 enim
1143 1790 1555 1872 philosophiae
1615 1789 1908 1852 rationein
1951 1797 2193 1852 secutus
2239 1795 2367 1867 est,
2422 1805 2583 1868 quae

420 1900 683 1961 divinam
730 1902 1050 1980 potentiam
1092 1899 1300 1962 ludere
1328 1902 1420 1977 ³⁶)
1473 1917 1656 1981 saepe
1702 1900 1761 1962 in
1813 1914 2011 1961 rerum
2059 1906 2267 1962 natura
2313 1905 2370 1960 et
2414 1899 2591 1977 quasi

420 2008 598 2068 animi
641 2025 819 2069 causa
863 2008 1237 2070 incredibilia
1278 2025 1698 2088 nonnunquam
1742 2007 1986 2070 efficere
2015 2008 2318 2070 censebat.
2393 2004 2576 2084 Quid,

417 2115 636 2195 inquit,
696 2132 816 2177 non
875 2114 1159 2177 miraculo
1218 2122 1344 2189 est,
1402 2132 1577 2195 quum
1636 2116 1879 2195 primum
1937 2117 1995 2177 in
2048 2116 2314 2179 notitiam
2359 2116 2578 2177 venit?

420 2224 609 2299 Quam
649 2223 824 2286 multa
865 2224 994 2286 fieri
1037 2241 1158 2286 non
1200 2241 1404 2304 posse,
1447 2225 1785 2304 priusquam
1828 2226 1946 2286 sint
1973 2224 2149 2301 facta,
2202 2223 2590 2286 iudicantur?

421 2334 681 2397 Naturae
724 2349 872 2409 vero
914 2348 1112 2395 rerum
1155 2332 1245 2394 vis
1288 2339 1464 2413 atque
1520 2333 1798 2395 maiestas
1838 2333 1897 2393 in
1942 2332 2216 2393 omnibus
2273 2334 2595 2397 momentis

337 2463 346 2476 ·
421 2441 540 2504 fide
582 2448 784 2519 caret3
829 2442 881 2503 si
925 2442 1055 2521 quis
1101 2442 1280 2503 modo
1321 2446 1522 2521 partes
1563 2443 1695 2503 eius
1734 2459 1808 2503 ac
1849 2459 1968 2503 non
2004 2446 2184 2502 totam
2221 2444 2594 2523 complecta-

422 2555 521 2613 tur
562 2550 779 2611 animo.
823 2586 901 2598 —
951 2549 1169 2635 Plinius
1209 2551 1424 2631 igitur,
1489 2552 1584 2612 cui
1639 2555 1843 2612 natura
1908 2568 2040 2611 cum
2104 2549 2306 2612 divino
2351 2554 2595 2613 numine

421 2657 633 2719 eadem
680 2657 999 2734 videretur,
1040 2676 1143 2720 res
1186 2676 1305 2720 non
1351 2659 1532 2720 certis
1575 2658 1826 2739 legibuS‚
1875 2657 1982 2719 sed
2028 2664 2280 2720 naturae
2328 2660 2589 2738 quodam

420 2766 670 2828 arbitrio
712 2765 839 2827 fieri
880 2766 1196 2845 opinatus,
1261 2768 1438 2828 etiam
1483 2754 1851 2828 incredibilia
1900 2768 2030 2828 sive
2070 2766 2416 2848 prodigiosa
2456 2768 2593 2830 fieri

421 2891 642 2956 posse,
709 2873 1046 2954 colligebat.
1134 2875 1263 2949 Quo
1330 2893 1501 2956 quum
1561 2874 1812 2935 studium
1878 2875 2197 2936 accederet
2252 2877 2596 2955 maximum,

425 3001 598 3064 quam
646 2982 924 3062 plurimas
980 3000 1080 3046 res
1129 2983 1449 3065 colligendi
1512 2989 1571 3044 et
1623 2988 1898 3063 quantum
1957 2982 2083 3044 fieri
2146 2990 2383 3063 posset,
2440 2985 2595 3047 nibil

430 3092 970 3171 praetermittendi,
1013 3094 1354 3155 auctoribus
1405 3093 1500 3154 vel
1545 3091 1861 3153 levissimis
1903 3092 2075 3153 fidem
2127 3091 2432 3172 denegare
2473 3109 2599 3154 no-

432 3199 540 3261 luit
583 3205 643 3259 et
693 3216 794 3260 res
836 3202 952 3260 iam
1009 3201 1085 3261 ab
1130 3200 1259 3262 aliis
1303 3199 1516 3261 sabulis
1561 3199 1890 3283 adscriptas
1938 3200 2097 3261 bona
2141 3198 2256 3261 fide
2304 3200 2590 3264 narravit.

499 3528 594 3597 32)
633 3526 723 3591 xl,
760 3528 813 3578 2.
1211 3528 1303 3599 33)
1339 3527 1473 3592 vm,
1507 3527 1594 3583 34.

496 3624 590 3677 34)
626 3621 748 3675 Erat
785 3631 954 3674 autem
995 3622 1095 3673 hoc
1130 3624 1308 3675 vitium
1342 3624 1508 3675 Plinio
1543 3639 1656 3674 cum
1702 3624 1962 3675 veteribus
2003 3623 2266 3691 plerisque
2301 3638 2594 3689 commune,

622 3718 759 3784 quod
795 3720 1004 3773 nimium
1041 3734 1226 3770 arcana
1268 3727 1320 3770 ct
1354 3718 1602 3771 mirabilia
1639 3718 1966 3770 sectabantur
2003 3728 2059 3770 et
2097 3719 2408 3787 astrologiae
2444 3734 2597 3770 com-

628 3814 813 3863 mentis
851 3817 1103 3883 vanisque
1154 3815 1396 3882 antiquae
1447 3815 1732 3866 medicinae
1767 3815 2215 3881 superstitionibus
2254 3816 2463 3866 nimium
2500 3815 2597 3865 in-

628 3904 923 3972 dulgebant.
989 3908 1281 3976 Astrologia
1317 3908 1436 3959 inde
1472 3925 1500 3960 a
1537 3910 1721 3961 Tiberii
1768 3913 2053 3978 principatu
2093 3912 2289 3961 animos
2327 3911 2595 3963 hominum

621 4008 723 4052 tam
761 4004 912 4052 arctis
951 4006 1254 4056 constrictos
1291 4007 1455 4055 tenuit
1488 4004 1729 4071 vinculis,
1765 4015 1822 4058 ut
1854 4007 1984 4058 haec
2023 4009 2335 4073 superstitio,
2373 4021 2465 4072 per
2506 4014 2599 4057 to-

629 4105 735 4148 tum
772 4112 953 4150 aevum
988 4099 1209 4151 medium
1247 4109 1555 4168 propagata,
1613 4103 2134 4155 novissimisdemum
2171 4101 2487 4167 temporibus
2526 4116 2598 4156 ex

625 4194 808 4245 animia
845 4193 1100 4245 hominum
1135 4196 1378 4247 radicitus
1416 4197 1571 4247 evelli
1609 4200 1846 4263 potuerit.

504 4286 595 4361 35)
636 4289 744 4353 vll,
781 4288 829 4341 4.
1038 4289 1130 4360 36)
1171 4293 1255 4354 xl,
1293 4293 1362 4345 45
1415 4294 1480 4345 rl'.
1520 4292 1628 4357 vll,
1664 4295 1714 4345 2.
1753 4302 1897 4349 extr..
2100 4293 2191 4363 37)
2223 4291 2335 4354 vn,
2377 4290 2421 4340 1.

2799 3844 2802 4025 1
