<?xml version="1.0" encoding="UTF-8"?>
<!DOCTYPE html PUBLIC "-//W3C//DTD XHTML 1.0 Transitional//EN"
    "http://www.w3.org/TR/xhtml1/DTD/xhtml1-transitional.dtd">
<html xmlns="http://www.w3.org/1999/xhtml" xml:lang="en" lang="en">
 <head>
  <title>
</title>
<meta http-equiv="Content-Type" content="text/html;charset=utf-8" />
  <meta name='ocr-system' content='tesseract 3.04.00' />
  <meta name='ocr-capabilities' content='ocr_page ocr_carea ocr_par ocr_line ocrx_word'/>
</head>
<body>
  <div class='ocr_page' id='page_1' title='image "./quaestionesincp00montgoog_0016.png"; bbox 0 0 2809 4792; ppageno 0'>
   <div class='ocr_carea' id='block_1_1' title="bbox 1238 413 1725 526">
    <p class='ocr_par' dir='ltr' id='par_1_1' title="bbox 1238 413 1725 526">
     <span class='ocr_line' id='line_1_1' title="bbox 1238 413 1725 526; baseline -0.002 -69"><span class='ocrx_word' id='word_1_1' title='bbox 1238 430 1386 526; x_wconf 40' lang='grc'><strong>.-.-’</strong></span> <span class='ocrx_word' id='word_1_2' title='bbox 1442 413 1530 480; x_wconf 80' lang='lat'><strong>10</strong></span> <span class='ocrx_word' id='word_1_3' title='bbox 1629 438 1725 456; x_wconf 76' lang='lat'><strong>...-</strong></span> 
     </span>
    </p>
   </div>
   <div class='ocr_carea' id='block_1_2' title="bbox 402 591 2637 2735">
    <p class='ocr_par' dir='ltr' id='par_1_2' title="bbox 402 591 2637 2735">
     <span class='ocr_line' id='line_1_2' title="bbox 406 591 2568 676; baseline -0.003 -19"><span class='ocrx_word' id='word_1_4' title='bbox 406 600 642 657; x_wconf 86' lang='lat' dir='ltr'><strong>constet</strong></span> <span class='ocrx_word' id='word_1_5' title='bbox 664 594 780 672; x_wconf 74' lang='lat'><strong>⁸³),</strong></span> <span class='ocrx_word' id='word_1_6' title='bbox 821 594 1194 657; x_wconf 72' lang='lat' dir='ltr'><strong>incredibilia</strong></span> <span class='ocrx_word' id='word_1_7' title='bbox 1228 600 1289 657; x_wconf 92' lang='lat' dir='ltr'><strong>et</strong></span> <span class='ocrx_word' id='word_1_8' title='bbox 1322 601 1525 676; x_wconf 72' lang='lat' dir='ltr'><strong>apertu</strong></span> <span class='ocrx_word' id='word_1_9' title='bbox 1553 593 1865 657; x_wconf 83' lang='lat' dir='ltr'><strong>mendacia</strong></span> <span class='ocrx_word' id='word_1_10' title='bbox 1897 598 2102 656; x_wconf 79' lang='lat' dir='ltr'><strong>narret</strong></span> <span class='ocrx_word' id='word_1_11' title='bbox 2117 594 2210 670; x_wconf 53' lang='grc' dir='ltr'><strong>1θ’)</strong></span> <span class='ocrx_word' id='word_1_12' title='bbox 2236 594 2297 653; x_wconf 90' lang='lat' dir='ltr'><strong>et</strong></span> <span class='ocrx_word' id='word_1_13' title='bbox 2320 591 2568 653; x_wconf 78' lang='lat' dir='ltr'><strong>omnino</strong></span> 
     </span>
     <span class='ocr_line' id='line_1_3' title="bbox 405 699 2637 785; baseline -0.003 -19"><span class='ocrx_word' id='word_1_14' title='bbox 405 720 509 766; x_wconf 88' lang='lat' dir='ltr'><strong>res</strong></span> <span class='ocrx_word' id='word_1_15' title='bbox 551 721 586 765; x_wconf 93' lang='lat' dir='ltr'><strong>a</strong></span> <span class='ocrx_word' id='word_1_16' title='bbox 629 704 813 766; x_wconf 87' lang='lat' dir='ltr'><strong>rebus</strong></span> <span class='ocrx_word' id='word_1_17' title='bbox 873 703 1141 785; x_wconf 70' lang='lat' dir='ltr'><strong>physicis</strong></span> <span class='ocrx_word' id='word_1_18' title='bbox 1196 716 1445 784; x_wconf 80' lang='lat' dir='ltr'><strong>prorsus</strong></span> <span class='ocrx_word' id='word_1_19' title='bbox 1501 705 1728 767; x_wconf 81' lang='lat' dir='ltr'><strong>alienas</strong></span> <span class='ocrx_word' id='word_1_20' title='bbox 1769 704 1829 766; x_wconf 92' lang='lat' dir='ltr'><strong>in</strong></span> <span class='ocrx_word' id='word_1_21' title='bbox 1874 701 2202 764; x_wconf 63' lang='lat' dir='ltr'><strong>naturalem</strong></span> <span class='ocrx_word' id='word_1_22' title='bbox 2266 699 2578 762; x_wconf 71' lang='lat' dir='ltr'><strong>liisteriem</strong></span> <span class='ocrx_word' id='word_1_23' title='bbox 2631 722 2637 728; x_wconf 97' lang='lat'>·</span> 
     </span>
     <span class='ocr_line' id='line_1_4' title="bbox 409 809 2574 892; baseline -0.001 -20"><span class='ocrx_word' id='word_1_24' title='bbox 409 811 727 891; x_wconf 75' lang='lat' dir='ltr'><strong>receperit.</strong></span> <span class='ocrx_word' id='word_1_25' title='bbox 809 810 1021 873; x_wconf 85' lang='lat' dir='ltr'><strong>Multos</strong></span> <span class='ocrx_word' id='word_1_26' title='bbox 1061 826 1302 873; x_wconf 89' lang='lat' dir='ltr'><strong>errores</strong></span> <span class='ocrx_word' id='word_1_27' title='bbox 1349 829 1385 872; x_wconf 93' lang='lat' dir='ltr'><strong>e</strong></span> <span class='ocrx_word' id='word_1_28' title='bbox 1429 812 1634 890; x_wconf 90' lang='lat' dir='ltr'><strong>nimia,</strong></span> <span class='ocrx_word' id='word_1_29' title='bbox 1678 828 1789 891; x_wconf 80' lang='lat' dir='ltr'><strong>qua</strong></span> <span class='ocrx_word' id='word_1_30' title='bbox 1833 810 1892 872; x_wconf 93' lang='lat' dir='ltr'><strong>in</strong></span> <span class='ocrx_word' id='word_1_31' title='bbox 1938 809 2211 892; x_wconf 79' lang='lat' dir='ltr'><strong>legendis</strong></span> <span class='ocrx_word' id='word_1_32' title='bbox 2254 815 2314 871; x_wconf 87' lang='lat' dir='ltr'><strong>et</strong></span> <span class='ocrx_word' id='word_1_33' title='bbox 2351 823 2574 870; x_wconf 80' lang='lat' dir='ltr'><strong>excer-</strong></span> 
     </span>
     <span class='ocr_line' id='line_1_5' title="bbox 405 914 2574 1000; baseline -0.002 -22"><span class='ocrx_word' id='word_1_34' title='bbox 405 917 625 1000; x_wconf 82' lang='lat' dir='ltr'><strong>pendis</strong></span> <span class='ocrx_word' id='word_1_35' title='bbox 670 916 1013 980; x_wconf 86' lang='lat' dir='ltr'><strong>auctoribus</strong></span> <span class='ocrx_word' id='word_1_36' title='bbox 1055 932 1198 980; x_wconf 88' lang='lat' dir='ltr'><strong>usus</strong></span> <span class='ocrx_word' id='word_1_37' title='bbox 1238 926 1371 993; x_wconf 82' lang='lat' dir='ltr'><strong>est,</strong></span> <span class='ocrx_word' id='word_1_38' title='bbox 1432 919 1812 981; x_wconf 72' lang='lat' dir='ltr'><strong>festinatione</strong></span> <span class='ocrx_word' id='word_1_39' title='bbox 1873 918 2177 999; x_wconf 66' lang='lat' dir='ltr'><strong>profectos</strong></span> <span class='ocrx_word' id='word_1_40' title='bbox 2229 932 2409 993; x_wconf 84' lang='lat' dir='ltr'><strong>esse,</strong></span> <span class='ocrx_word' id='word_1_41' title='bbox 2471 914 2574 974; x_wconf 83' lang='lat' dir='ltr'><strong>vix</strong></span> 
     </span>
     <span class='ocr_line' id='line_1_6' title="bbox 405 1026 2572 1107; baseline -0.003 -18"><span class='ocrx_word' id='word_1_42' title='bbox 405 1026 661 1089; x_wconf 80' lang='lat' dir='ltr'><strong>dubitari</strong></span> <span class='ocrx_word' id='word_1_43' title='bbox 700 1028 912 1107; x_wconf 79' lang='lat' dir='ltr'><strong>potest.</strong></span> <span class='ocrx_word' id='word_1_44' title='bbox 997 1026 1323 1090; x_wconf 79' lang='lat' dir='ltr'><strong>Audiamus</strong></span> <span class='ocrx_word' id='word_1_45' title='bbox 1367 1027 1610 1089; x_wconf 79' lang='lat' dir='ltr'><strong>Plinium</strong></span> <span class='ocrx_word' id='word_1_46' title='bbox 1658 1028 1946 1088; x_wconf 83' lang='lat' dir='ltr'><strong>minorem</strong></span> <span class='ocrx_word' id='word_1_47' title='bbox 1974 1031 2085 1101; x_wconf 74' lang='lat'><strong>⁴⁵),</strong></span> <span class='ocrx_word' id='word_1_48' title='bbox 2117 1026 2214 1107; x_wconf 85' lang='lat' dir='ltr'><strong>qui</strong></span> <span class='ocrx_word' id='word_1_49' title='bbox 2258 1030 2572 1106; x_wconf 87' lang='lat' dir='ltr'><strong>postquam</strong></span> 
     </span>
     <span class='ocr_line' id='line_1_7' title="bbox 405 1130 2576 1216; baseline -0.003 -19"><span class='ocrx_word' id='word_1_50' title='bbox 405 1134 926 1215; x_wconf 85' lang='lat' dir='ltr'><strong>occupatissimam</strong></span> <span class='ocrx_word' id='word_1_51' title='bbox 972 1134 1246 1197; x_wconf 86' lang='lat' dir='ltr'><strong>avunculi</strong></span> <span class='ocrx_word' id='word_1_52' title='bbox 1292 1136 1507 1211; x_wconf 87' lang='lat' dir='ltr'><strong>vitam,</strong></span> <span class='ocrx_word' id='word_1_53' title='bbox 1563 1150 1847 1196; x_wconf 83' lang='lat' dir='ltr'><strong>summam</strong></span> <span class='ocrx_word' id='word_1_54' title='bbox 1893 1134 2258 1216; x_wconf 77' lang='lat' dir='ltr'><strong>diligentiam</strong></span> <span class='ocrx_word' id='word_1_55' title='bbox 2300 1130 2576 1193; x_wconf 71' lang='lat' dir='ltr'><strong>indefes·-</strong></span> 
     </span>
     <span class='ocr_line' id='line_1_8' title="bbox 404 1239 2569 1323; baseline -0.003 -18"><span class='ocrx_word' id='word_1_56' title='bbox 404 1259 650 1323; x_wconf 85' lang='lat' dir='ltr'><strong>sumque</strong></span> <span class='ocrx_word' id='word_1_57' title='bbox 689 1241 1240 1305; x_wconf 74' lang='lat' dir='ltr'><strong>laborem0summis</strong></span> <span class='ocrx_word' id='word_1_58' title='bbox 1285 1242 1558 1304; x_wconf 81' lang='lat' dir='ltr'><strong>laudibus</strong></span> <span class='ocrx_word' id='word_1_59' title='bbox 1599 1241 1847 1320; x_wconf 79' lang='lat' dir='ltr'><strong>extulit,</strong></span> <span class='ocrx_word' id='word_1_60' title='bbox 1891 1243 1943 1304; x_wconf 83' lang='lat' dir='ltr'><strong>si</strong></span> <span class='ocrx_word' id='word_1_61' title='bbox 1990 1241 2127 1322; x_wconf 93' lang='lat' dir='ltr'><strong>quid</strong></span> <span class='ocrx_word' id='word_1_62' title='bbox 2168 1241 2315 1316; x_wconf 82' lang='lat' dir='ltr'><strong>etii,</strong></span> <span class='ocrx_word' id='word_1_63' title='bbox 2360 1239 2569 1320; x_wconf 85' lang='lat' dir='ltr'><strong>inquit,</strong></span> 
     </span>
     <span class='ocr_line' id='line_1_9' title="bbox 402 1347 2574 1432; baseline -0.003 -19"><span class='ocrx_word' id='word_1_64' title='bbox 402 1351 558 1413; x_wconf 81' lang='lat' dir='ltr'><strong>liber</strong></span> <span class='ocrx_word' id='word_1_65' title='bbox 598 1349 950 1429; x_wconf 75' lang='lat' dir='ltr'><strong>legebatur,</strong></span> <span class='ocrx_word' id='word_1_66' title='bbox 1017 1351 1341 1413; x_wconf 84' lang='lat' dir='ltr'><strong>adnotabat</strong></span> <span class='ocrx_word' id='word_1_67' title='bbox 1399 1351 1915 1432; x_wconf 79' lang='lat' dir='ltr'><strong>excerpebatque3</strong></span> <span class='ocrx_word' id='word_1_68' title='bbox 1980 1350 2124 1412; x_wconf 79' lang='lat' dir='ltr'><strong>nibil</strong></span> <span class='ocrx_word' id='word_1_69' title='bbox 2183 1349 2340 1411; x_wconf 82' lang='lat' dir='ltr'><strong>enim</strong></span> <span class='ocrx_word' id='word_1_70' title='bbox 2403 1347 2574 1427; x_wconf 67' lang='lat' dir='ltr'><strong>legit,</strong></span> 
     </span>
     <span class='ocr_line' id='line_1_10' title="bbox 408 1457 2574 1539; baseline -0 -20"><span class='ocrx_word' id='word_1_71' title='bbox 408 1459 568 1539; x_wconf 89' lang='lat' dir='ltr'><strong>quod</strong></span> <span class='ocrx_word' id='word_1_72' title='bbox 617 1474 738 1521; x_wconf 88' lang='lat' dir='ltr'><strong>non</strong></span> <span class='ocrx_word' id='word_1_73' title='bbox 787 1465 1157 1538; x_wconf 74' lang='lat' dir='ltr'><strong>excerperet.</strong></span> <span class='ocrx_word' id='word_1_74' title='bbox 1239 1459 1461 1521; x_wconf 84' lang='lat' dir='ltr'><strong>Dicere</strong></span> <span class='ocrx_word' id='word_1_75' title='bbox 1506 1461 1678 1521; x_wconf 83' lang='lat' dir='ltr'><strong>etiam</strong></span> <span class='ocrx_word' id='word_1_76' title='bbox 1728 1458 1992 1521; x_wconf 79' lang='lat' dir='ltr'><strong>solebat:</strong></span> <span class='ocrx_word' id='word_1_77' title='bbox 2053 1457 2282 1520; x_wconf 84' lang='lat' dir='ltr'><strong>Nullum</strong></span> <span class='ocrx_word' id='word_1_78' title='bbox 2312 1475 2450 1519; x_wconf 87' lang='lat' dir='ltr'><strong>esse</strong></span> <span class='ocrx_word' id='word_1_79' title='bbox 2495 1457 2574 1518; x_wconf 71' lang='lat' dir='ltr'><strong>ti·-</strong></span> 
     </span>
     <span class='ocr_line' id='line_1_11' title="bbox 413 1567 2575 1648; baseline -0 -21"><span class='ocrx_word' id='word_1_80' title='bbox 413 1567 581 1628; x_wconf 87' lang='lat' dir='ltr'><strong>brum</strong></span> <span class='ocrx_word' id='word_1_81' title='bbox 622 1573 740 1628; x_wconf 86' lang='lat' dir='ltr'><strong>tam</strong></span> <span class='ocrx_word' id='word_1_82' title='bbox 785 1567 1040 1643; x_wconf 83' lang='lat' dir='ltr'><strong>malum,</strong></span> <span class='ocrx_word' id='word_1_83' title='bbox 1099 1576 1163 1629; x_wconf 87' lang='lat' dir='ltr'><strong>ut</strong></span> <span class='ocrx_word' id='word_1_84' title='bbox 1206 1582 1324 1628; x_wconf 84' lang='lat' dir='ltr'><strong>non</strong></span> <span class='ocrx_word' id='word_1_85' title='bbox 1368 1568 1561 1648; x_wconf 83' lang='lat' dir='ltr'><strong>aliqua</strong></span> <span class='ocrx_word' id='word_1_86' title='bbox 1606 1574 1774 1648; x_wconf 86' lang='lat' dir='ltr'><strong>parte</strong></span> <span class='ocrx_word' id='word_1_87' title='bbox 1820 1567 2152 1648; x_wconf 81' lang='lat' dir='ltr'><strong>prodesset.</strong></span> <span class='ocrx_word' id='word_1_88' title='bbox 2238 1568 2427 1647; x_wconf 79' lang='lat' dir='ltr'><strong>Super</strong></span> <span class='ocrx_word' id='word_1_89' title='bbox 2469 1584 2575 1626; x_wconf 54' lang='lat' dir='ltr'><strong>cea</strong></span> 
     </span>
     <span class='ocr_line' id='line_1_12' title="bbox 414 1673 2576 1758; baseline -0.003 -20"><span class='ocrx_word' id='word_1_90' title='bbox 414 1694 550 1738; x_wconf 88' lang='lat' dir='ltr'><strong>nam</strong></span> <span class='ocrx_word' id='word_1_91' title='bbox 595 1675 748 1737; x_wconf 91' lang='lat' dir='ltr'><strong>liber</strong></span> <span class='ocrx_word' id='word_1_92' title='bbox 787 1675 1118 1758; x_wconf 85' lang='lat' dir='ltr'><strong>legebatur,</strong></span> <span class='ocrx_word' id='word_1_93' title='bbox 1160 1676 1589 1755; x_wconf 85' lang='lat' dir='ltr'><strong>adnotabatur,</strong></span> <span class='ocrx_word' id='word_1_94' title='bbox 1634 1685 1696 1739; x_wconf 89' lang='lat' dir='ltr'><strong>et</strong></span> <span class='ocrx_word' id='word_1_95' title='bbox 1733 1677 1971 1757; x_wconf 87' lang='lat' dir='ltr'><strong>quidem</strong></span> <span class='ocrx_word' id='word_1_96' title='bbox 2016 1675 2253 1738; x_wconf 73' lang='lat' dir='ltr'><strong>cursim.</strong></span> <span class='ocrx_word' id='word_1_97' title='bbox 2340 1673 2576 1735; x_wconf 77' lang='lat' dir='ltr'><strong>Memini</strong></span> 
     </span>
     <span class='ocr_line' id='line_1_13' title="bbox 409 1784 2572 1866; baseline -0.002 -21"><span class='ocrx_word' id='word_1_98' title='bbox 409 1784 704 1864; x_wconf 85' lang='lat' dir='ltr'><strong>quendam</strong></span> <span class='ocrx_word' id='word_1_99' title='bbox 750 1802 828 1847; x_wconf 83' lang='lat' dir='ltr'><strong>ex</strong></span> <span class='ocrx_word' id='word_1_100' title='bbox 873 1787 1112 1864; x_wconf 81' lang='lat' dir='ltr'><strong>amicis,</strong></span> <span class='ocrx_word' id='word_1_101' title='bbox 1154 1802 1334 1865; x_wconf 74' lang='lat' dir='ltr'><strong>quum</strong></span> <span class='ocrx_word' id='word_1_102' title='bbox 1371 1787 1559 1849; x_wconf 79' lang='lat' dir='ltr'><strong>lector</strong></span> <span class='ocrx_word' id='word_1_103' title='bbox 1596 1788 1889 1866; x_wconf 76' lang='lat' dir='ltr'><strong>quaedam</strong></span> <span class='ocrx_word' id='word_1_104' title='bbox 1924 1788 2252 1865; x_wconf 70' lang='lat' dir='ltr'><strong>perperam</strong></span> <span class='ocrx_word' id='word_1_105' title='bbox 2287 1800 2572 1862; x_wconf 67' lang='lat' dir='ltr'><strong>proam-</strong></span> 
     </span>
     <span class='ocr_line' id='line_1_14' title="bbox 408 1893 2593 1977; baseline 0 -25"><span class='ocrx_word' id='word_1_106' title='bbox 408 1893 663 1968; x_wconf 65' lang='lat' dir='ltr'><strong>flasset,</strong></span> <span class='ocrx_word' id='word_1_107' title='bbox 718 1911 1048 1957; x_wconf 82' lang='lat' dir='ltr'><strong>revocasse</strong></span> <span class='ocrx_word' id='word_1_108' title='bbox 1088 1904 1150 1958; x_wconf 91' lang='lat' dir='ltr'><strong>et</strong></span> <span class='ocrx_word' id='word_1_109' title='bbox 1192 1898 1379 1977; x_wconf 88' lang='lat' dir='ltr'><strong>repeti</strong></span> <span class='ocrx_word' id='word_1_110' title='bbox 1426 1897 1742 1977; x_wconf 84' lang='lat' dir='ltr'><strong>coegisse,</strong></span> <span class='ocrx_word' id='word_1_111' title='bbox 1803 1896 1941 1958; x_wconf 84' lang='lat' dir='ltr'><strong>huic</strong></span> <span class='ocrx_word' id='word_1_112' title='bbox 1991 1893 2341 1956; x_wconf 86' lang='lat' dir='ltr'><strong>avunculum</strong></span> <span class='ocrx_word' id='word_1_113' title='bbox 2384 1906 2593 1971; x_wconf 64' lang='lat' dir='ltr'><strong>meum.</strong></span> 
     </span>
     <span class='ocr_line' id='line_1_15' title="bbox 409 1994 2574 2085; baseline 0 -25"><span class='ocrx_word' id='word_1_114' title='bbox 409 1994 672 2062; x_wconf 82' lang='lat' dir='ltr'><strong>dixisse:</strong></span> <span class='ocrx_word' id='word_1_115' title='bbox 715 2001 1102 2064; x_wconf 83' lang='lat' dir='ltr'><strong>Intellexeras</strong></span> <span class='ocrx_word' id='word_1_116' title='bbox 1149 2005 1409 2085; x_wconf 80' lang='lat' dir='ltr'><strong>nempe?</strong></span> <span class='ocrx_word' id='word_1_117' title='bbox 1492 2005 1678 2078; x_wconf 85' lang='lat' dir='ltr'><strong>Quum</strong></span> <span class='ocrx_word' id='word_1_118' title='bbox 1717 2004 1814 2065; x_wconf 87' lang='lat' dir='ltr'><strong>ille</strong></span> <span class='ocrx_word' id='word_1_119' title='bbox 1857 2005 2179 2067; x_wconf 82' lang='lat' dir='ltr'><strong>annuisset.</strong></span> <span class='ocrx_word' id='word_1_120' title='bbox 2266 2001 2383 2063; x_wconf 83' lang='lat' dir='ltr'><strong>Cur</strong></span> <span class='ocrx_word' id='word_1_121' title='bbox 2423 2016 2574 2082; x_wconf 85' lang='lat' dir='ltr'><strong>ergo</strong></span> 
     </span>
     <span class='ocr_line' id='line_1_16' title="bbox 411 2108 2576 2190; baseline 0 -21"><span class='ocrx_word' id='word_1_122' title='bbox 411 2108 795 2170; x_wconf 81' lang='lat' dir='ltr'><strong>revocabas?</strong></span> <span class='ocrx_word' id='word_1_123' title='bbox 836 2109 1044 2170; x_wconf 87' lang='lat' dir='ltr'><strong>decem</strong></span> <span class='ocrx_word' id='word_1_124' title='bbox 1091 2112 1336 2190; x_wconf 84' lang='lat' dir='ltr'><strong>amplius</strong></span> <span class='ocrx_word' id='word_1_125' title='bbox 1383 2126 1595 2172; x_wconf 85' lang='lat' dir='ltr'><strong>versus</strong></span> <span class='ocrx_word' id='word_1_126' title='bbox 1634 2111 1749 2172; x_wconf 87' lang='lat' dir='ltr'><strong>hac</strong></span> <span class='ocrx_word' id='word_1_127' title='bbox 1792 2117 1888 2171; x_wconf 88' lang='lat' dir='ltr'><strong>tua</strong></span> <span class='ocrx_word' id='word_1_128' title='bbox 1929 2110 2400 2190; x_wconf 82' lang='lat' dir='ltr'><strong>interpellatione</strong></span> <span class='ocrx_word' id='word_1_129' title='bbox 2427 2126 2576 2189; x_wconf 80' lang='lat' dir='ltr'><strong>per-</strong></span> 
     </span>
     <span class='ocr_line' id='line_1_17' title="bbox 412 2213 2576 2301; baseline -0.001 -24"><span class='ocrx_word' id='word_1_130' title='bbox 412 2213 687 2277; x_wconf 88' lang='lat' dir='ltr'><strong>didimus.</strong></span> <span class='ocrx_word' id='word_1_131' title='bbox 772 2215 922 2279; x_wconf 83' lang='lat' dir='ltr'><strong>Hinc</strong></span> <span class='ocrx_word' id='word_1_132' title='bbox 964 2226 1208 2299; x_wconf 88' lang='lat' dir='ltr'><strong>apparet</strong></span> <span class='ocrx_word' id='word_1_133' title='bbox 1247 2219 1489 2281; x_wconf 89' lang='lat' dir='ltr'><strong>Plinium</strong></span> <span class='ocrx_word' id='word_1_134' title='bbox 1534 2219 1931 2301; x_wconf 84' lang='lat' dir='ltr'><strong>negligentius</strong></span> <span class='ocrx_word' id='word_1_135' title='bbox 1973 2220 2036 2280; x_wconf 87' lang='lat' dir='ltr'><strong>in</strong></span> <span class='ocrx_word' id='word_1_136' title='bbox 2074 2218 2334 2280; x_wconf 86' lang='lat' dir='ltr'><strong>lectione</strong></span> <span class='ocrx_word' id='word_1_137' title='bbox 2364 2224 2576 2280; x_wconf 88' lang='lat' dir='ltr'><strong>aucto..</strong></span> 
     </span>
     <span class='ocr_line' id='line_1_18' title="bbox 412 2326 2579 2408; baseline 0 -21"><span class='ocrx_word' id='word_1_138' title='bbox 412 2340 540 2387; x_wconf 86' lang='lat' dir='ltr'><strong>rum</strong></span> <span class='ocrx_word' id='word_1_139' title='bbox 575 2333 874 2390; x_wconf 86' lang='lat' dir='ltr'><strong>versatum</strong></span> <span class='ocrx_word' id='word_1_140' title='bbox 918 2344 1079 2405; x_wconf 91' lang='lat' dir='ltr'><strong>esse,</strong></span> <span class='ocrx_word' id='word_1_141' title='bbox 1122 2326 1195 2390; x_wconf 88' lang='lat' dir='ltr'><strong>ab</strong></span> <span class='ocrx_word' id='word_1_142' title='bbox 1244 2328 1358 2391; x_wconf 87' lang='lat' dir='ltr'><strong>alio</strong></span> <span class='ocrx_word' id='word_1_143' title='bbox 1409 2329 1484 2390; x_wconf 92' lang='lat' dir='ltr'><strong>ad</strong></span> <span class='ocrx_word' id='word_1_144' title='bbox 1527 2329 1702 2391; x_wconf 84' lang='lat' dir='ltr'><strong>alium</strong></span> <span class='ocrx_word' id='word_1_145' title='bbox 1745 2345 2126 2408; x_wconf 81' lang='lat' dir='ltr'><strong>properasse,</strong></span> <span class='ocrx_word' id='word_1_146' title='bbox 2172 2326 2311 2388; x_wconf 85' lang='lat' dir='ltr'><strong>nulli</strong></span> <span class='ocrx_word' id='word_1_147' title='bbox 2337 2327 2435 2388; x_wconf 91' lang='lat' dir='ltr'><strong>diu</strong></span> <span class='ocrx_word' id='word_1_148' title='bbox 2465 2328 2579 2388; x_wconf 84' lang='lat' dir='ltr'><strong>im-</strong></span> 
     </span>
     <span class='ocr_line' id='line_1_19' title="bbox 421 2437 2578 2518; baseline 0 -23"><span class='ocrx_word' id='word_1_149' title='bbox 421 2441 709 2497; x_wconf 87' lang='lat' dir='ltr'><strong>moratum</strong></span> <span class='ocrx_word' id='word_1_150' title='bbox 752 2454 930 2515; x_wconf 90' lang='lat' dir='ltr'><strong>esse,</strong></span> <span class='ocrx_word' id='word_1_151' title='bbox 996 2438 1190 2501; x_wconf 90' lang='lat' dir='ltr'><strong>bonos</strong></span> <span class='ocrx_word' id='word_1_152' title='bbox 1231 2439 1538 2518; x_wconf 86' lang='lat' dir='ltr'><strong>malosque</strong></span> <span class='ocrx_word' id='word_1_153' title='bbox 1585 2439 1923 2518; x_wconf 89' lang='lat' dir='ltr'><strong>promiscue</strong></span> <span class='ocrx_word' id='word_1_154' title='bbox 1963 2437 2185 2518; x_wconf 86' lang='lat' dir='ltr'><strong>legisse</strong></span> <span class='ocrx_word' id='word_1_155' title='bbox 2245 2445 2304 2497; x_wconf 86' lang='lat' dir='ltr'><strong>et</strong></span> <span class='ocrx_word' id='word_1_156' title='bbox 2360 2454 2578 2497; x_wconf 84' lang='lat' dir='ltr'><strong>excer-</strong></span> 
     </span>
     <span class='ocr_line' id='line_1_20' title="bbox 417 2543 2576 2627; baseline 0.002 -24"><span class='ocrx_word' id='word_1_157' title='bbox 417 2543 611 2622; x_wconf 90' lang='lat' dir='ltr'><strong>psisse</strong></span> <span class='ocrx_word' id='word_1_158' title='bbox 673 2549 734 2603; x_wconf 90' lang='lat' dir='ltr'><strong>et</strong></span> <span class='ocrx_word' id='word_1_159' title='bbox 790 2560 963 2623; x_wconf 86' lang='lat' dir='ltr'><strong>quum</strong></span> <span class='ocrx_word' id='word_1_160' title='bbox 1009 2549 1289 2627; x_wconf 86' lang='lat' dir='ltr'><strong>temporis</strong></span> <span class='ocrx_word' id='word_1_161' title='bbox 1327 2547 1708 2627; x_wconf 86' lang='lat' dir='ltr'><strong>parcissimus</strong></span> <span class='ocrx_word' id='word_1_162' title='bbox 1753 2546 2042 2625; x_wconf 88' lang='lat' dir='ltr'><strong>simulque</strong></span> <span class='ocrx_word' id='word_1_163' title='bbox 2087 2547 2576 2625; x_wconf 87' lang='lat' dir='ltr'><strong>occupatissimus</strong></span> 
     </span>
     <span class='ocr_line' id='line_1_21' title="bbox 421 2649 2579 2735; baseline 0.002 -25"><span class='ocrx_word' id='word_1_164' title='bbox 421 2661 592 2711; x_wconf 87' lang='lat' dir='ltr'><strong>esset</strong></span> <span class='ocrx_word' id='word_1_165' title='bbox 619 2696 636 2728; x_wconf 91' lang='lat'><strong>,</strong></span> <span class='ocrx_word' id='word_1_166' title='bbox 702 2649 1076 2715; x_wconf 82' lang='lat' dir='ltr'><strong>librariorum</strong></span> <span class='ocrx_word' id='word_1_167' title='bbox 1138 2672 1270 2717; x_wconf 76' lang='lat' dir='ltr'><strong>eum</strong></span> <span class='ocrx_word' id='word_1_168' title='bbox 1319 2662 1377 2715; x_wconf 89' lang='lat' dir='ltr'><strong>et</strong></span> <span class='ocrx_word' id='word_1_169' title='bbox 1441 2662 1901 2735; x_wconf 78' lang='lat' dir='ltr'><strong>anagnostarum</strong></span> <span class='ocrx_word' id='word_1_170' title='bbox 1944 2654 2165 2717; x_wconf 76' lang='lat' dir='ltr'><strong>auxilio</strong></span> <span class='ocrx_word' id='word_1_171' title='bbox 2209 2664 2377 2716; x_wconf 80' lang='lat' dir='ltr'><strong>usum</strong></span> <span class='ocrx_word' id='word_1_172' title='bbox 2421 2670 2579 2730; x_wconf 80' lang='lat' dir='ltr'><strong>esse,</strong></span> 
     </span>
    </p>
   </div>
   <div class='ocr_carea' id='block_1_3' title="bbox 410 2759 2584 2930">
    <p class='ocr_par' dir='ltr' id='par_1_3' title="bbox 410 2759 2584 2930">
     <span class='ocr_line' id='line_1_22' title="bbox 420 2759 2584 2845; baseline 0.001 -26"><span class='ocrx_word' id='word_1_173' title='bbox 420 2759 581 2820; x_wconf 88' lang='lat' dir='ltr'><strong>unde</strong></span> <span class='ocrx_word' id='word_1_174' title='bbox 639 2760 802 2821; x_wconf 86' lang='lat' dir='ltr'><strong>multi</strong></span> <span class='ocrx_word' id='word_1_175' title='bbox 864 2778 1047 2842; x_wconf 87' lang='lat' dir='ltr'><strong>saepe</strong></span> <span class='ocrx_word' id='word_1_176' title='bbox 1089 2781 1330 2825; x_wconf 87' lang='lat' dir='ltr'><strong>errores</strong></span> <span class='ocrx_word' id='word_1_177' title='bbox 1387 2764 1485 2825; x_wconf 88' lang='lat' dir='ltr'><strong>vel</strong></span> <span class='ocrx_word' id='word_1_178' title='bbox 1544 2764 2036 2845; x_wconf 86' lang='lat' dir='ltr'><strong>pronuntiationis</strong></span> <span class='ocrx_word' id='word_1_179' title='bbox 2093 2761 2212 2831; x_wconf 51' lang='lat' dir='ltr'><strong>vel¹</strong></span> <span class='ocrx_word' id='word_1_180' title='bbox 2245 2761 2584 2838; x_wconf 83' lang='lat' dir='ltr'><strong>auditionis,</strong></span> 
     </span>
     <span class='ocr_line' id='line_1_23' title="bbox 410 2869 721 2930; baseline -0.003 0"><span class='ocrx_word' id='word_1_181' title='bbox 410 2869 525 2930; x_wconf 90' lang='lat' dir='ltr'><strong>orti</strong></span> <span class='ocrx_word' id='word_1_182' title='bbox 568 2874 721 2930; x_wconf 90' lang='lat' dir='ltr'><strong>sunt.</strong></span> 
     </span>
    </p>
   </div>
   <div class='ocr_carea' id='block_1_4' title="bbox 601 2975 2584 3058">
    <p class='ocr_par' dir='ltr' id='par_1_4' title="bbox 601 2975 2584 3058">
     <span class='ocr_line' id='line_1_24' title="bbox 601 2975 2584 3058; baseline 0 -20"><span class='ocrx_word' id='word_1_183' title='bbox 601 2977 682 3039; x_wconf 79' lang='lat' dir='ltr'><strong>At</strong></span> <span class='ocrx_word' id='word_1_184' title='bbox 741 2977 1021 3054; x_wconf 87' lang='lat' dir='ltr'><strong>Plinium,</strong></span> <span class='ocrx_word' id='word_1_185' title='bbox 1082 2994 1417 3058; x_wconf 86' lang='lat' dir='ltr'><strong>quanquam</strong></span> <span class='ocrx_word' id='word_1_186' title='bbox 1495 2994 1529 3037; x_wconf 93' lang='lat' dir='ltr'><strong>e</strong></span> <span class='ocrx_word' id='word_1_187' title='bbox 1576 2977 1850 3040; x_wconf 82' lang='lat' dir='ltr'><strong>-sontibus</strong></span> <span class='ocrx_word' id='word_1_188' title='bbox 1911 2994 2093 3057; x_wconf 90' lang='lat' dir='ltr'><strong>saepe</strong></span> <span class='ocrx_word' id='word_1_189' title='bbox 2154 2976 2453 3038; x_wconf 87' lang='lat' dir='ltr'><strong>lutulentis</strong></span> <span class='ocrx_word' id='word_1_190' title='bbox 2492 2975 2584 3052; x_wconf 74' lang='lat'><strong>⁶⁶)</strong></span> 
     </span>
    </p>
   </div>
   <div class='ocr_carea' id='block_1_5' title="bbox 421 3183 575 3195">
    <p class='ocr_par' dir='ltr' id='par_1_5' title="bbox 421 3183 575 3195">
     <span class='ocr_line' id='line_1_25' title="bbox 421 3183 575 3195; baseline -0.019 0"><span class='ocrx_word' id='word_1_191' title='bbox 421 3183 575 3195; x_wconf 80' lang='lat'>————-</span> 
     </span>
    </p>
   </div>
   <div class='ocr_carea' id='block_1_6' title="bbox 578 3186 941 3194">
    <p class='ocr_par' dir='ltr' id='par_1_6' title="bbox 578 3186 941 3194">
     <span class='ocr_line' id='line_1_26' title="bbox 578 3186 941 3194; baseline 0 1598"><span class='ocrx_word' id='word_1_192' title='bbox 578 3186 941 3194; x_wconf 95' lang='lat' dir='ltr'><strong> </strong></span> 
     </span>
    </p>
   </div>
   <div class='ocr_carea' id='block_1_7' title="bbox 478 3315 2664 4338">
    <p class='ocr_par' dir='ltr' id='par_1_7' title="bbox 479 3315 2330 3392">
     <span class='ocr_line' id='line_1_27' title="bbox 479 3315 2330 3392; baseline 0.001 -23"><span class='ocrx_word' id='word_1_193' title='bbox 479 3317 571 3386; x_wconf 75' lang='lat'><strong>43)</strong></span> <span class='ocrx_word' id='word_1_194' title='bbox 610 3316 719 3381; x_wconf 80' lang='lat' dir='ltr'><strong>vn,</strong></span> <span class='ocrx_word' id='word_1_195' title='bbox 758 3315 846 3375; x_wconf 81' lang='lat'><strong>45.</strong></span> <span class='ocrx_word' id='word_1_196' title='bbox 885 3317 1024 3382; x_wconf 81' lang='lat' dir='ltr'><strong>vm,</strong></span> <span class='ocrx_word' id='word_1_197' title='bbox 1058 3319 1111 3372; x_wconf 84' lang='lat'><strong>6.</strong></span> <span class='ocrx_word' id='word_1_198' title='bbox 1155 3319 1243 3372; x_wconf 77' lang='lat'><strong>46.</strong></span> <span class='ocrx_word' id='word_1_199' title='bbox 1455 3319 1549 3392; x_wconf 76' lang='lat'><strong>44)</strong></span> <span class='ocrx_word' id='word_1_200' title='bbox 1588 3321 1697 3387; x_wconf 85' lang='lat' dir='ltr'><strong>vu,</strong></span> <span class='ocrx_word' id='word_1_201' title='bbox 1734 3323 1783 3376; x_wconf 79' lang='lat'><strong>2.</strong></span> <span class='ocrx_word' id='word_1_202' title='bbox 1820 3320 2076 3385; x_wconf 13' lang='lat' dir='ltr'><strong>V111,*32.</strong></span> <span class='ocrx_word' id='word_1_203' title='bbox 2113 3319 2202 3373; x_wconf 81' lang='lat'><strong>33.</strong></span> <span class='ocrx_word' id='word_1_204' title='bbox 2244 3318 2330 3372; x_wconf 83' lang='lat'><strong>57.</strong></span> 
     </span>
    </p>

    <p class='ocr_par' dir='ltr' id='par_1_8' title="bbox 479 3411 1018 3482">
     <span class='ocr_line' id='line_1_28' title="bbox 479 3411 1018 3482; baseline 0 -18"><span class='ocrx_word' id='word_1_205' title='bbox 479 3413 574 3482; x_wconf 74' lang='lat'><strong>45)</strong></span> <span class='ocrx_word' id='word_1_206' title='bbox 608 3412 769 3479; x_wconf 77' lang='lat' dir='ltr'><strong>Epist.</strong></span> <span class='ocrx_word' id='word_1_207' title='bbox 804 3411 898 3475; x_wconf 89' lang='lat'><strong>111,</strong></span> <span class='ocrx_word' id='word_1_208' title='bbox 939 3413 1018 3466; x_wconf 86' lang='lat'><strong>5..</strong></span> 
     </span>
    </p>

    <p class='ocr_par' dir='ltr' id='par_1_9' title="bbox 478 3506 2664 4338">
     <span class='ocr_line' id='line_1_29' title="bbox 478 3506 2582 3578; baseline 0 -16"><span class='ocrx_word' id='word_1_209' title='bbox 478 3507 576 3578; x_wconf 34' lang='lat'><strong>146)</strong></span> <span class='ocrx_word' id='word_1_210' title='bbox 612 3506 727 3560; x_wconf 81' lang='lat' dir='ltr'><strong>Nou</strong></span> <span class='ocrx_word' id='word_1_211' title='bbox 766 3508 1273 3574; x_wconf 81' lang='lat' dir='ltr'><strong>praetermittendum</strong></span> <span class='ocrx_word' id='word_1_212' title='bbox 1322 3509 1524 3563; x_wconf 79' lang='lat' dir='ltr'><strong>videtur</strong></span> <span class='ocrx_word' id='word_1_213' title='bbox 1569 3511 1758 3565; x_wconf 70' lang='lat' dir='ltr'><strong>multos</strong></span> <span class='ocrx_word' id='word_1_214' title='bbox 1802 3510 1952 3565; x_wconf 85' lang='lat' dir='ltr'><strong>Plinii</strong></span> <span class='ocrx_word' id='word_1_215' title='bbox 2001 3526 2203 3565; x_wconf 80' lang='lat' dir='ltr'><strong>errores</strong></span> <span class='ocrx_word' id='word_1_216' title='bbox 2243 3524 2274 3561; x_wconf 88' lang='lat' dir='ltr'><strong>e</strong></span> <span class='ocrx_word' id='word_1_217' title='bbox 2308 3508 2582 3574; x_wconf 73' lang='lat' dir='ltr'><strong>corruptis,</strong></span> 
     </span>
     <span class='ocr_line' id='line_1_30' title="bbox 602 3602 2576 3674; baseline -0.002 -20"><span class='ocrx_word' id='word_1_218' title='bbox 602 3602 790 3671; x_wconf 86' lang='lat' dir='ltr'><strong>quibus</strong></span> <span class='ocrx_word' id='word_1_219' title='bbox 826 3616 948 3655; x_wconf 74' lang='lat' dir='ltr'><strong>usus</strong></span> <span class='ocrx_word' id='word_1_220' title='bbox 984 3610 1081 3667; x_wconf 78' lang='lat' dir='ltr'><strong>est,</strong></span> <span class='ocrx_word' id='word_1_221' title='bbox 1118 3603 1363 3657; x_wconf 85' lang='lat' dir='ltr'><strong>librorum</strong></span> <span class='ocrx_word' id='word_1_222' title='bbox 1397 3607 1592 3659; x_wconf 82' lang='lat' dir='ltr'><strong>Graece</strong></span> <span class='ocrx_word' id='word_1_223' title='bbox 1644 3609 1946 3674; x_wconf 76' lang='lat' dir='ltr'><strong>scriptorum</strong></span> <span class='ocrx_word' id='word_1_224' title='bbox 1984 3603 2361 3670; x_wconf 78' lang='lat' dir='ltr'><strong>exemplaribus</strong></span> <span class='ocrx_word' id='word_1_225' title='bbox 2411 3603 2576 3669; x_wconf 85' lang='lat' dir='ltr'><strong>origi-</strong></span> 
     </span>
     <span class='ocr_line' id='line_1_31' title="bbox 617 3697 2576 3767; baseline 0 -19"><span class='ocrx_word' id='word_1_226' title='bbox 617 3712 735 3748; x_wconf 84' lang='lat' dir='ltr'><strong>nem</strong></span> <span class='ocrx_word' id='word_1_227' title='bbox 770 3698 961 3751; x_wconf 86' lang='lat' dir='ltr'><strong>ducere</strong></span> <span class='ocrx_word' id='word_1_228' title='bbox 996 3699 1244 3766; x_wconf 82' lang='lat' dir='ltr'><strong>potuisse.</strong></span> <span class='ocrx_word' id='word_1_229' title='bbox 1318 3700 1439 3767; x_wconf 80' lang='lat' dir='ltr'><strong>Ipse</strong></span> <span class='ocrx_word' id='word_1_230' title='bbox 1476 3702 1614 3753; x_wconf 85' lang='lat' dir='ltr'><strong>enim</strong></span> <span class='ocrx_word' id='word_1_231' title='bbox 1649 3701 1739 3765; x_wconf 80' lang='lat' dir='ltr'><strong>vl,</strong></span> <span class='ocrx_word' id='word_1_232' title='bbox 1772 3702 1871 3753; x_wconf 75' lang='lat'><strong>34:</strong></span> <span class='ocrx_word' id='word_1_233' title='bbox 1908 3699 2051 3763; x_wconf 79' lang='lat' dir='ltr'><strong>Iuba,</strong></span> <span class='ocrx_word' id='word_1_234' title='bbox 2084 3699 2266 3767; x_wconf 87' lang='lat' dir='ltr'><strong>inquit,</strong></span> <span class='ocrx_word' id='word_1_235' title='bbox 2301 3699 2390 3766; x_wconf 87' lang='lat' dir='ltr'><strong>qui</strong></span> <span class='ocrx_word' id='word_1_236' title='bbox 2424 3697 2576 3748; x_wconf 84' lang='lat' dir='ltr'><strong>vide-</strong></span> 
     </span>
     <span class='ocr_line' id='line_1_32' title="bbox 610 3792 2581 3861; baseline 0.001 -20"><span class='ocrx_word' id='word_1_237' title='bbox 610 3799 693 3841; x_wconf 85' lang='lat' dir='ltr'><strong>tur</strong></span> <span class='ocrx_word' id='word_1_238' title='bbox 735 3792 1130 3859; x_wconf 76' lang='lat' dir='ltr'><strong>diligentissime</strong></span> <span class='ocrx_word' id='word_1_239' title='bbox 1169 3796 1666 3861; x_wconf 69' lang='lat' dir='ltr'><strong>persecutusbaec,</strong></span> <span class='ocrx_word' id='word_1_240' title='bbox 1717 3798 1887 3849; x_wconf 81' lang='lat' dir='ltr'><strong>omisit</strong></span> <span class='ocrx_word' id='word_1_241' title='bbox 1922 3797 1974 3847; x_wconf 89' lang='lat' dir='ltr'><strong>in</strong></span> <span class='ocrx_word' id='word_1_242' title='bbox 2012 3795 2113 3846; x_wconf 83' lang='lat' dir='ltr'><strong>hoc</strong></span> <span class='ocrx_word' id='word_1_243' title='bbox 2148 3801 2347 3858; x_wconf 79' lang='lat' dir='ltr'><strong>tractu,</strong></span> <span class='ocrx_word' id='word_1_244' title='bbox 2401 3793 2503 3847; x_wconf 77' lang='lat' dir='ltr'><strong>nisi</strong></span> <span class='ocrx_word' id='word_1_245' title='bbox 2534 3793 2581 3843; x_wconf 79' lang='lat' dir='ltr'><strong>si</strong></span> 
     </span>
     <span class='ocr_line' id='line_1_33' title="bbox 608 3886 2577 3960; baseline 0 -23"><span class='ocrx_word' id='word_1_246' title='bbox 608 3886 974 3955; x_wconf 59' lang='lat' dir='ltr'><strong>exemplarium</strong></span> <span class='ocrx_word' id='word_1_247' title='bbox 1017 3892 1195 3944; x_wconf 69' lang='lat' dir='ltr'><strong>vitium</strong></span> <span class='ocrx_word' id='word_1_248' title='bbox 1232 3899 1321 3943; x_wconf 73' lang='lat' dir='ltr'><strong>est.</strong></span> <span class='ocrx_word' id='word_1_249' title='bbox 1392 3892 1525 3943; x_wconf 73' lang='lat' dir='ltr'><strong>Hinc</strong></span> <span class='ocrx_word' id='word_1_250' title='bbox 1573 3907 1938 3960; x_wconf 83' lang='lat' dir='ltr'><strong>nonnunquam</strong></span> <span class='ocrx_word' id='word_1_251' title='bbox 1987 3889 2352 3957; x_wconf 80' lang='lat' dir='ltr'><strong>exemplarium</strong></span> <span class='ocrx_word' id='word_1_252' title='bbox 2409 3886 2577 3938; x_wconf 87' lang='lat' dir='ltr'><strong>colla-</strong></span> 
     </span>
     <span class='ocr_line' id='line_1_34' title="bbox 614 3977 2664 4056; baseline 0.001 -25"><span class='ocrx_word' id='word_1_253' title='bbox 614 3983 808 4033; x_wconf 85' lang='lat' dir='ltr'><strong>tionem</strong></span> <span class='ocrx_word' id='word_1_254' title='bbox 859 3985 1112 4047; x_wconf 84' lang='lat' dir='ltr'><strong>instituit,</strong></span> <span class='ocrx_word' id='word_1_255' title='bbox 1162 3993 1284 4037; x_wconf 86' lang='lat' dir='ltr'><strong>ute</strong></span> <span class='ocrx_word' id='word_1_256' title='bbox 1325 3984 1443 4038; x_wconf 87' lang='lat' dir='ltr'><strong>loco</strong></span> <span class='ocrx_word' id='word_1_257' title='bbox 1484 3988 1629 4052; x_wconf 81' lang='lat' dir='ltr'><strong>XIX,</strong></span> <span class='ocrx_word' id='word_1_258' title='bbox 1661 3977 1712 4040; x_wconf 61' lang='grc' dir='ltr'><strong>δ’</strong></span> <span class='ocrx_word' id='word_1_259' title='bbox 1737 3996 1966 4054; x_wconf 86' lang='lat' dir='ltr'><strong>apparet.</strong></span> <span class='ocrx_word' id='word_1_260' title='bbox 2042 3986 2419 4054; x_wconf 76' lang='lat' dir='ltr'><strong>Theophrastus</strong></span> <span class='ocrx_word' id='word_1_261' title='bbox 2479 3999 2576 4034; x_wconf 87' lang='lat' dir='ltr'><strong>au·</strong></span> <span class='ocrx_word' id='word_1_262' title='bbox 2659 4051 2664 4056; x_wconf 91' lang='lat'><strong>.</strong></span> 
     </span>
     <span class='ocr_line' id='line_1_35' title="bbox 604 4079 2573 4150; baseline 0.001 -23"><span class='ocrx_word' id='word_1_263' title='bbox 604 4085 716 4127; x_wconf 78' lang='lat' dir='ltr'><strong>etot·</strong></span> <span class='ocrx_word' id='word_1_264' title='bbox 773 4086 889 4141; x_wconf 81' lang='lat' dir='ltr'><strong>est,</strong></span> <span class='ocrx_word' id='word_1_265' title='bbox 942 4079 1142 4147; x_wconf 79' lang='lat' dir='ltr'><strong>inquit,</strong></span> <span class='ocrx_word' id='word_1_266' title='bbox 1182 4114 1251 4126; x_wconf 85' lang='lat'><strong>--</strong></span> <span class='ocrx_word' id='word_1_267' title='bbox 1290 4085 1349 4133; x_wconf 74' lang='lat' dir='ltr'><strong>in</strong></span> <span class='ocrx_word' id='word_1_268' title='bbox 1386 4081 1785 4150; x_wconf 66' lang='lat' dir='ltr'><strong>exemplaribus,</strong></span> <span class='ocrx_word' id='word_1_269' title='bbox 1840 4098 1968 4150; x_wconf 75' lang='lat' dir='ltr'><strong>quae</strong></span> <span class='ocrx_word' id='word_1_270' title='bbox 2023 4082 2221 4148; x_wconf 69' lang='lat' dir='ltr'><strong>quiden</strong></span> <span class='ocrx_word' id='word_1_271' title='bbox 2272 4080 2573 4140; x_wconf 72' lang='lat' dir='ltr'><strong>invenerim,</strong></span> 
     </span>
     <span class='ocr_line' id='line_1_36' title="bbox 610 4171 2575 4243; baseline 0.002 -22"><span class='ocrx_word' id='word_1_272' title='bbox 610 4171 778 4235; x_wconf 82' lang='lat' dir='ltr'><strong>tradit,</strong></span> <span class='ocrx_word' id='word_1_273' title='bbox 819 4187 990 4240; x_wconf 88' lang='lat' dir='ltr'><strong>neque</strong></span> <span class='ocrx_word' id='word_1_274' title='bbox 1027 4176 1234 4226; x_wconf 84' lang='lat' dir='ltr'><strong>omnino</strong></span> <span class='ocrx_word' id='word_1_275' title='bbox 1269 4175 1773 4228; x_wconf 83' lang='lat' dir='ltr'><strong>ullam-mentionem</strong></span> <span class='ocrx_word' id='word_1_276' title='bbox 1813 4177 1967 4228; x_wconf 76' lang='lat' dir='ltr'><strong>babet</strong></span> <span class='ocrx_word' id='word_1_277' title='bbox 2005 4179 2198 4243; x_wconf 80' lang='lat' dir='ltr'><strong>sparti,</strong></span> <span class='ocrx_word' id='word_1_278' title='bbox 2234 4180 2416 4225; x_wconf 81' lang='lat' dir='ltr'><strong>cuncta</strong></span> <span class='ocrx_word' id='word_1_279' title='bbox 2452 4187 2575 4224; x_wconf 80' lang='lat' dir='ltr'><strong>cura</strong></span> 
     </span>
     <span class='ocr_line' id='line_1_37' title="bbox 607 4265 2579 4338; baseline 0.003 -19"><span class='ocrx_word' id='word_1_280' title='bbox 607 4281 794 4338; x_wconf 75' lang='lat' dir='ltr'><strong>magna</strong></span> <span class='ocrx_word' id='word_1_281' title='bbox 828 4276 1144 4335; x_wconf 80' lang='lat' dir='ltr'><strong>persecutus.</strong></span> <span class='ocrx_word' id='word_1_282' title='bbox 1220 4270 1298 4322; x_wconf 83' lang='lat' dir='ltr'><strong>De</strong></span> <span class='ocrx_word' id='word_1_283' title='bbox 1344 4272 1548 4325; x_wconf 70' lang='lat' dir='ltr'><strong>vitiosis</strong></span> <span class='ocrx_word' id='word_1_284' title='bbox 1588 4270 1831 4325; x_wconf 80' lang='lat' dir='ltr'><strong>librorum</strong></span> <span class='ocrx_word' id='word_1_285' title='bbox 1871 4271 2175 4325; x_wconf 71' lang='lat' dir='ltr'><strong>Gmocorum</strong></span> <span class='ocrx_word' id='word_1_286' title='bbox 2225 4265 2478 4334; x_wconf 63' lang='lat' dir='ltr'><strong>exemplis</strong></span> <span class='ocrx_word' id='word_1_287' title='bbox 2523 4276 2579 4318; x_wconf 76' lang='lat' dir='ltr'><strong>et</strong></span> 
     </span>
    </p>
   </div>
   <div class='ocr_carea' id='block_1_8' title="bbox 2787 1645 2795 2667">
    <p class='ocr_par' dir='ltr' id='par_1_10' title="bbox 2787 1645 2795 2667">
     <span class='ocr_line' id='line_1_38' title="bbox 2787 1645 2795 2667; baseline 0 0"><span class='ocrx_word' id='word_1_288' title='bbox 2787 1645 2795 2667; x_wconf 95' lang='lat' dir='ltr'><strong> </strong></span> 
     </span>
    </p>
   </div>
  </div>
 </body>
</html>
