2809 4792
982 385 1460 454 ...61-

156 574 490 639 Audiamus
512 569 891 636 Aristotelem
915 570 987 650 ll,
1024 568 1097 633 14
1112 571 1359 652 (p.42):
1386 560 1557 633 Ἔστι
1577 565 1928 649 δ’ἷχθύδιόν
1955 591 2020 631 τι
2049 571 2172 653 τῶν
2206 591 2319 635 πε.-

153 684 412 762 τραίων,
438 677 476 741 ὃ
514 677 775 745 καλοῦσι’
803 700 964 752 τινες
982 677 1284 761 ἐχενηΐδα,
1326 674 1436 740 καὶ
1472 676 1756 759 χρῶνταί
1774 697 1935 750 τινες
1965 673 2130 759 αὐτῷ
2156 672 2324 754 ’πρὸς

161 792 339 863 δίκας
387 792 499 851 καί
536 784 767 870 φίλτρα
800 812 815 828 ·
881 782 1016 850 ἔστι
1061 786 1130 848 δὲ
1192 778 1515 866 ἄβρωτον·
1580 785 1759 846 τοῦτο
1816 783 1872 845 δ’
1914 777 2072 844 ἔνιοί
2127 802 2324 865 φασιν

162 894 333 977 ἔχειν
378 894 581 968 πόδας
652 894 763 956 οὐκ
820 890 1008 975 ἔχον,
1067 892 1223 957 ἀλλὰ
1268 897 1559 977 φαίνεται
1621 889 1722 955 διὰ
1789 888 1854 955 τὸ
1924 890 2033 967 τᾲς
2084 890 2321 968 πτέρυ-

162 1027 275 1084 γας
335 1001 558 1080 ὁμοίας
615 999 784 1081 ἔχειν
839 1004 1038 1064 ποσίν.
1141 1000 1359 1067 Plinius
1425 1002 1603 1081 igitur
1658 998 1904 1079 primurn
1945 996 2324 1076 Aristotelem

159 1112 409 1174 totidem
438 1113 562 1173 fere
589 1111 786 1173 verbis
817 1109 995 1172 latine
1036 1109 1291 1172 reddidit
1306 1131 1324 1186 3
1368 1109 1589 1172 adiecit
1612 1124 1756 1169 vero
1780 1108 1918 1170 illud
1963 1105 2037 1167 de
2079 1105 2319 1167 nomine

157 1218 424 1298 ἐχενηῖζ,
467 1216 622 1298 quod
666 1215 817 1297 apud
841 1215 1218 1279 Aristotelem
1257 1233 1378 1279 non
1419 1215 1770 1277 invenimus.
1816 1213 1933 1279 Sed
1975 1232 2121 1276 ecce
2162 1213 2319 1295 apud

161 1327 479 1389 Aelianum
520 1326 564 1404 1,
609 1326 691 1388 36
734 1325 1011 1406 legimus:
1048 1322 1137 1385 ‘H
1175 1323 1243 1388 δὲ
1292 1325 1531 1406 ἐχενηῖζ·
1572 1325 1781 1403 ἐπέχει
1828 1317 1937 1396 uic,-
1979 1323 2169 1399 ναῦς,
2212 1321 2322 1385 καὶ

173 1431 234 1504 ἐξ
278 1421 354 1494 οὗ
395 1439 569 1492 ποιεῖ’
599 1432 910 1507 καλοῦμεν
952 1428 1161 1511 αὐτήν.
1231 1429 1539 1509 ct.11,17.
1578 1429 1867 1494 Plutarch.
1894 1431 2161 1510 Sympos;
2181 1430 2252 1509 ll,
2268 1429 2328 1490 7.

168 1536 335 1609 Quod
354 1537 667 1598 Aelianum
705 1553 781 1598 ex
805 1537 1131 1599 Aristotele
1147 1537 1390 1599 duxisse
1416 1541 1474 1597 et
1495 1535 1736 1597 Plinium
1773 1539 1955 1599 verba
1975 1540 2322 1620 integriora,

163 1662 331 1725 quam
350 1645 534 1706 hodie
554 1644 853 1722 habemuS,
873 1644 1021 1726 apud
1038 1644 1437 1723 Aristotelem,
1456 1644 1675 1726 legisse
1694 1646 1984 1725 suspicor.
2010 1646 2148 1724 Sed,
2162 1646 2323 1726 quod

162 1752 519 1815 Aristoteles
533 1754 736 1833 paucis
753 1753 950 1814 verbis
979 1752 1251 1829 absolvit,
1270 1769 1438 1814 more
1461 1768 1570 1814 suo
1598 1754 1928 1815 exornavit.
1972 1753 2145 1827 Quod
2174 1771 2321 1815 vero

168 1862 318 1941 apud
338 1863 583 1923 Plinium
607 1864 869 1941 sequitur
893 1861 967 1921 de
988 1860 1236 1941 pedibus
1258 1876 1557 1938 remorae,
1585 1860 2052 1943 cumAristotele
2075 1862 2318 1924 omnino

171 1987 461 2051 pugnans,
496 1970 723 2033 codicis
744 1968 1102 2048 Aristotelis,
1143 1987 1260 2051 quo
1300 1969 1519 2032 Plinius
1563 1986 1706 2032 usus
1737 1977 1849 2050 est,
1885 1971 2031 2033 vitio
2060 1971 2324 2035 tribuere

171 2079 524 2162 matimfm).
608 2076 790 2140 Addit
828 2062 1074 2139 Plir'iius:
1151 2077 1482 2167 „Mutianus
1526 2077 1806 2140 muricem
1849 2096 2007 2157 esse,
2049 2080 2322 2142 latiorem

169 2176 439 2267 purpura,
486 2173 679 2267 neque
721 2202 955 2266 aspero,
999 2203 1192 2265 neque
1237 2186 1493 2248 rotundo
1540 2203 1670 2266 ore,
1717 2204 1911 2268 neque
1966 2188 2026 2248 in
2068 2189 2320 2268 angulos

175 2296 524 2374 prodeunte,
567 2294 675 2355 sed
719 2293 981 2373 simplice
1009 2279 1258 2369 concha,
1301 2301 1547 2373 utroque
1585 2295 1772 2355 latere
1811 2312 1949 2356 sese
1987 2288 2324 2374 colligente,

173 2405 375 2483 quibus
419 2403 887 2476 inhaerentibuS,
931 2401 1163 2483 plenam
1208 2402 1400 2462 ventis
1443 2403 1688 2463 stetisse*
1713 2420 1951 2479 navem,
1991 2408 2322 2481 portantem

175 2528 207 2572 a
249 2511 594 2589 Periandro,
653 2518 714 2573 ut
756 2492 1156 2573 castrarentur
1196 2510 1427 2571 nobiles
1468 2512 1670 2593 pueri3
1730 2509 2129 2590 conchasque,
2170 2528 2323 2590 quae

173 2620 230 2681 id
273 2621 692 2700 praestiterint,
737 2619 888 2701 apud
932 2619 1267 2681 Cnidiorum
1312 2620 1602 2680 Venerem
1649 2618 1830 2681 coli·‘.
1878 2618 2063 2695 Quum
2108 2619 2325 2681 Mutia-

173 2744 278 2790 nus
301 2729 485 2790 Plinio
528 2729 730 2809 gravis
774 2734 978 2791 auctor
1009 2735 1186 2806 esset,
1219 2747 1391 2810 quem
1433 2729 1780 2808 saepissime
1820 2726 2037 2804 laudat,
2076 2728 2202 2808 ipse
2249 2727 2326 2790 de

176 2839 421 2897 veritate
449 2837 535 2896 rei
581 2837 969 2898 miraculosae
998 2837 1232 2897 minime
1256 2837 1560 2897 dubitasse
1577 2838 1810 2896 videtur
1839 2839 1970 2912 2⁰⁵).
2038 2836 2331 2916 Denique,

179 2953 238 3008 ut
284 2949 429 3009 nihil
471 2966 666 3010 rerum
711 2947 1053 3008 mirabilium
1095 2928 1556 3026 praetermittat,
1620 2944 1790 3005 alium
1836 2951 2139 3006 auctorem
2166 2990 2183 3021 ,
2229 2943 2329 3004 fa-

178 3056 441 3120 bularum
480 3057 970 3135 ineptissimarum
1014 3061 1418 3129 narratorem,
1480 3053 1752 3113 Trebium
1796 3051 2035 3134 Nigrum
2083 3053 2328 3137 profert,

178 3166 271 3242 qui
314 3165 584 3245 pedalem
630 3181 757 3224 eam
806 3180 943 3224 esse
991 3163 1132 3224 dicit
1174 3168 1232 3222 et
1275 3161 1666 3222 crassitudine
1710 3161 1966 3245 quinque
2008 3160 2324 3242 digitorum

181 3289 360 3334 naves
405 3274 655 3350 morari3
699 3277 1004 3353 praeterea
1046 3270 1197 3332 hanc
1229 3287 1364 3330 esse
1403 3271 1522 3330 vim
1560 3271 1688 3331 eius
1716 3275 2056 3331 asservatae
2084 3272 2142 3331 in
2175 3266 2321 3349 sale,

178 3387 238 3440 ut
275 3398 508 3457 aurum,
566 3380 721 3460 quod
765 3380 1052 3440 deciderit
1115 3382 1171 3440 in
1217 3378 1530 3441 altissimos
1573 3387 1824 3458 puteOS,
1906 3377 2143 3438 admota
2211 3395 2326 3438 ex-

178 3490 390 3551 trahat.
473 3489 601 3551 Hoc
642 3488 820 3550 modo
865 3487 1013 3549 locis
1058 3505 1134 3548 ex
1179 3486 1493 3549 Aristotele
1555 3488 1901 3567 saepissime
1953 3487 2030 3547 ad
2085 3484 2328 3548 verbum

218 3761 341 3830 204)
383 3761 664 3812 llarduinus
700 3776 839 3812 more
875 3775 968 3811 suo
1009 3757 1158 3811 Plinii
1212 3774 1436 3811 errorem
1485 3759 1570 3811 vel
1623 3758 1801 3809 vitium
1841 3773 2087 3811 excusare
2124 3756 2327 3823 studet,

374 3856 548 3922 inepte
580 3859 874 3921 coniiciens,
908 3856 1065 3907 verba
1099 3871 1129 3905 a
1173 3855 1337 3908 Plinio
1380 3873 1444 3908 ex
1474 3854 1752 3908 Aristotele
1790 3863 2061 3922 excerpta,
2110 3855 2329 3907 fortasse
2399 3869 2407 3875 ·

378 3952 433 4001 in
469 3951 594 4003 libro
631 3953 801 4021 aliquo
837 3951 1098 4018 deperdito
1141 3951 1318 4004 fuisse.
1451 3933 1455 3936 Α
2212 3944 2240 3972 ””

222 4050 345 4123 205)
383 4054 460 4106 Cf.
498 4054 704 4124 xxxtl,
744 4060 787 4120 t,
820 4055 905 4106 ubi
941 4070 1022 4105 res
1064 4054 1320 4105 rhetorice
1373 4060 1615 4103 exornata
1660 4060 1751 4103 est.
1846 4053 2056 4104 Generis
2089 4051 2326 4103 Pholadis

384 4151 607 4215 speciem
643 4150 878 4218 aliquam,
932 4152 1147 4202 fortasse
1196 4148 1468 4200 Pholadem
1506 4146 1773 4213 Dactylum
1809 4147 1885 4213 ¹L.,
1923 4146 2125 4199 fabulae
2160 4147 2323 4213 origi-

386 4258 499 4296 nem
534 4245 734 4297 dedisse
770 4247 1014 4312 suspicor.
1473 4228 1476 4231 A
