2809 4792
974 365 1456 439 ...ω-

241 552 398 625 clara
440 551 514 624 de
534 552 880 624 animalibus
907 559 1187 621 condidit.
1234 559 1399 633 Quae
1446 576 1479 621 a
1526 574 1620 622 me
1661 553 1915 623 collecta
1960 558 2019 624 in
2047 566 2292 636 arctum,

233 688 360 735 cum
392 673 465 733 iis
492 688 642 753 quae
676 670 1077 751 ignoraverat,
1105 686 1349 749 quaem,
1379 675 1441 730 ut
1479 670 1744 750 legentes
1776 670 1916 732 boni
1957 671 2290 748 consulant,

232 782 288 843 in
334 779 626 843 universis
665 795 859 839 rerum
899 783 1144 838 naturae
1187 777 1463 858 operibus
1492 777 1802 858 medioque
1835 779 2146 841 clarissimi
2184 792 2292 841 re·-

234 903 370 968 gurn
417 886 669 949 omnium
716 885 1039 958 desiderio,
1084 902 1224 946 cura
1262 890 1464 946 nostra
1512 885 1771 947 breviter
1822 887 2291 968 peregrinantes,

162 986 245 1057 Ex
283 994 376 1056 his
420 993 585 1055 Plinii
637 994 838 1056 verbis
892 998 1137 1072 apparet
1175 992 1458 1072 primum,
1526 1006 1659 1054 eum
1724 994 1784 1054 in
1825 994 2003 1056 rebus
2046 993 2121 1054 de
2160 994 2297 1055 ani-

171 1101 412 1164 malibus
455 1108 632 1164 totum
676 1101 751 1162 ab
792 1100 1110 1163 Aristotele
1166 1099 1468 1181 pendere,
1510 1100 1727 1162 deinde
1768 1119 1899 1167 eum
1944 1102 2121 1164 multo
2162 1102 2298 1182 plu·-

167 1227 259 1273 res
295 1210 632 1273 Aristotelis
677 1208 859 1272 libros
906 1208 1179 1290 cognitos
1223 1207 1537 1287 habuisse,
1582 1227 1752 1289 quam
1793 1210 1972 1271 hodie
2010 1209 2298 1290 supersti-

165 1324 247 1381 tes
284 1324 438 1397 sunt,
485 1330 833 1400 quamquam
878 1318 1063 1379 libros
1107 1316 1401 1378 Plinianos
1446 1317 1783 1398 diligentius
1832 1332 1962 1379 eum
1995 1319 2296 1380 Aristote-

168 1419 288 1488 licis
331 1426 804 1507 comparantibus
842 1428 970 1488 veri
1013 1424 1359 1487 simillimum
1400 1424 1671 1503 videtur,
1712 1425 1949 1488 Plinium
1986 1429 2299 1490 maximam

169 1552 352 1597 rerum
411 1541 638 1616 partem
697 1551 773 1595 ex
816 1532 941 1611 his,
1005 1551 1153 1614 quos
1199 1534 1378 1597 hodie
1422 1534 1711 1615 legimuS,
1762 1550 1975 1596 novem
2041 1534 2117 1597 de
2160 1537 2299 1598 ani·-

170 1642 404 1705 m‘alibus
460 1642 671 1721 libris,
739 1640 1016 1703 nonnulla
1056 1659 1136 1703 ex
1188 1643 1297 1719 iis,
1363 1643 1461 1724 qui
1521 1642 1595 1703 de
1639 1643 1901 1722 partibus
1945 1643 2299 1722 animalium,

175 1738 637 1831 pauca'denique
684 1767 760 1811 ex
801 1750 895 1826 iis,
942 1749 1040 1828 qui
1084 1748 1160 1810 de
1202 1749 1591 1829 generatione
1634 1756 1787 1828 sunt,
1831 1748 2118 1812 hausisse.
2160 1730 2304 1812 Tum

177 1873 312 1922 vcro
359 1860 435 1921 de
481 1859 574 1920 via
599 1851 1057 1937 atquejratione‚
1100 1874 1213 1938 qua
1255 1857 1314 1917 in
1358 1857 1806 1919 conscribendis
1844 1857 2011 1919 libris
2055 1856 2129 1919 de
2169 1859 2307 1920 ani-
2344 1928 2356 1939 ,

170 1966 413 2029 ,malibus
455 1973 728 2028 versatus
773 1965 879 2041 sit,
925 1965 1140 2045 optime
1183 1958 1546 2041 edocemur3
1595 1981 1847 2046 namque
1889 1966 2306 2029 Aristotelicos

180 2073 251 2135 dc
270 2074 618 2137 animalibus
643 2072 826 2135 libros
849 2072 1238 2135 Plinianorum
1281 2075 1657 2155 praecipuum
1684 2074 1908 2136 fontem
1932 2073 2154 2137 habere
2184 2075 2307 2137 de-

181 2182 394 2262 bemuS,
444 2181 605 2244 unde
635 2181 731 2244 ille
755 2181 1057 2263 hauriens,
1089 2198 1437 2262 excel-pene,
1466 2182 1819 2244 contrahens
1846 2185 1994 2262 sive,
2032 2190 2095 2245 ut
2123 2185 2306 2264 ipsius

182 2293 369 2355 verbis
410 2298 583 2367 utar,
647 2291 707 2352 in
750 2296 973 2352 arctum
1033 2290 1355 2371 colligens,
1412 2290 1661 2353 adiectis
1723 2291 2019 2353 nonnullis
2070 2291 2312 2354 aliunde

182 2399 408 2479 petitiS,
451 2399 788 2479 plerumque
831 2398 1061 2474 alienis,
1105 2398 1425 2460 naturalem
1486 2398 1561 2460 de
1619 2399 1965 2461 animalibus
2003 2399 2309 2465 historiam

184 2508 527 2589 composuit.
608 2507 952 2585 Aristoteli,
995 2523 1166 2588 quem
1208 2506 1422 2570 Plinius
1475 2508 1666 2570 multis
1709 2508 1987 2571 naturalis
2026 2508 2309 2571 historiae

185 2613 328 2680 locis
370 2630 595 2680 summa
641 2615 1028 2683 admiratione
1072 2610 1354 2693 nominat,
1399 2624 1463 2679 ut
1496 2616 1598 2691 IX,
1642 2614 1699 2678 6.
1746 2616 1945 2695 XVIII,
1989 2616 2065 2680 77
2090 2661 2108 2696 ,
2146 2636 2311 2681 suam

184 2727 530 2789 sententiam
586 2725 886 2787 rarissime
945 2730 1011 2787 et
1062 2726 1300 2787 nonnisi
1361 2732 1708 2788 cunctanter
1764 2742 2067 2807 opponere
2132 2742 2310 2791 ausus

187 2838 277 2895 est
307 2838 433 2910 ¹⁸⁷).

309 2942 428 3004 lam
474 2940 797 3017 videamus,
843 2941 1052 3020 quibus
1080 2941 1140 3003 in
1168 2940 1314 3002 locis
1341 2948 1402 3002 et
1431 2955 1542 3021 qua
1573 2941 1802 3003 ratione
1837 2939 2001 3006 libris
2019 2943 2317 3006 Aristote-

188 3042 315 3112 lieis
354 3066 498 3113 usus
535 3051 631 3113 sit.
673 3048 1024 3111 Aristoteles
1046 3054 1253 3109 auctor
1290 3048 1560 3109 laudatur
1602 3048 1662 3109 in
1705 3048 1995 3112 indicibus
2039 3049 2316 3113 librorum

194 3155 261 3235 II,
297 3157 364 3238 V,
405 3157 508 3220 VII
546 3170 731 3237 usque
772 3154 913 3235 XII,
957 3154 1125 3229 XIV,
1169 3154 1313 3232 XV,
1363 3154 1552 3234 XVII,
1594 3154 1812 3235 XVIII,
1855 3156 2091 3220 XXVIII
2132 3174 2319 3238 usquo

357 3436 361 3440 ⁵
395 3422 453 3526 l),
489 3461 573 3514 22.
616 3456 694 3512 Cf.
736 3458 895 3511 Buhle
933 3459 998 3512 de
1024 3459 1166 3512 libris
1200 3460 1490 3514 Aristotelis
1531 3458 1804 3529 deperditis
1840 3462 1893 3513 in
1927 3460 2319 3514 Comm.Societ.

399 3556 622 3623 Gotting.
659 3554 761 3607 vol.
805 3557 891 3610 XV
926 3563 978 3606 et
1009 3555 1219 3608 Brandis
1259 3558 1310 3606 in
1345 3557 1521 3608 Museo
1554 3555 1716 3609 Rhen.
1757 3557 1873 3609 anni
1914 3556 2043 3609 1827
2077 3567 2127 3624 p.
2152 3556 2271 3610 260.

239 3658 358 3735 187)
400 3659 478 3712 Cf.
525 3660 584 3725 X,
628 3659 724 3712 85³
780 3660 943 3727 Super
978 3668 1160 3711 cuncta
1202 3668 1281 3711 est
1312 3662 1524 3711 murium
1565 3660 1750 3723 foetae,
1794 3658 1925 3711 haud
1960 3660 2069 3711 sine
2112 3669 2323 3717 cuncta·

402 3757 540 3807 tione
562 3754 824 3818 dicendae,
863 3754 1163 3822 quamquam
1199 3754 1290 3805 sub
1327 3764 1533 3805 auctore
1569 3751 1843 3806 Aristotele
1877 3761 1929 3804 et
1959 3753 2231 3808 Alexandri
2258 3755 2323 3809 m.

407 3850 664 3901 militibus.
739 3850 824 3912 xl,
869 3848 998 3900 114:
1037 3849 1190 3901 Miror
1227 3849 1429 3916 quidem
1469 3847 1791 3921 Aristotelem
1825 3862 1927 3899 non
1970 3849 2119 3902 modo
2159 3851 2329 3903 credi·-

406 3930 543 3996 disse
579 3946 828 4008 praescita
860 3946 995 3995 vitae
1029 3957 1145 3995 esse
1180 3944 1348 4012 aliqua
1383 3946 1436 3994 in
1466 3941 1759 4008 corporibus
1793 3943 1936 4011 ipsiS,
1970 3957 2145 3996 verum
2183 3944 2333 3997 etiam

398 4037 713 4106 prodidisse.
764 4037 905 4102 Quae
939 4052 1235 4107 quamquam
1271 4053 1400 4090 vana
1441 4037 1699 4101 existimo,
1735 4053 1833 4089 nec
1871 4040 1982 4090 sine
2018 4040 2335 4091 cunctatione

411 4131 750 4200 proferenda,
804 4134 1042 4199 attingam
1092 4143 1284 4197 tamen,
1335 4147 1465 4200 quae
1502 4139 1666 4183 tantus
1716 4132 1795 4185 vir
1845 4134 1898 4184 in
1956 4131 2182 4186 doctrina
2232 4146 2335 4186 non
2385 4194 2391 4207 ⁸

416 4230 622 4294 sprevit.
