2809 4792
1027 263 1567 395 'mae-*-

257 506 638 583 Plinius-eum
665 510 725 572 in
749 508 936 586 libne,
976 509 1187 590 quibus
1231 511 1304 573 de
1348 512 1709 592 agricultura
1744 512 1853 586 1⁷⁸)
1897 517 1955 574 et
2000 511 2075 574 de
2119 512 2417 577 medicina

256 622 421 701 agit,
484 620 837 700 saepissime
897 628 1198 681 auctorem
1240 620 1493 696 laudat,
1559 638 1889 701 quanquam
1945 622 2001 682 ei
2059 623 2296 701 saepius
2356 624 2419 685 in

114 700 152 787 ἶ,
248 728 506 809 magicis
553 727 728 789 fidem
773 709 1049 808 denegat.
1106 727 1529 804 Democritum,
1570 729 1757 790 virum
1801 729 1966 791 varia
2010 736 2071 791 et
2113 729 2436 808 multiplici*

251 836 593 916 eruditione
621 841 912 913 ornatum,
947 836 1158 901 multos
1204 835 1279 896 de
1316 837 1497 897 rebus
1538 835 1800 917 physicis
1841 834 2025 898 libros
2070 837 2418 915 condidisse

243 944 492 1007 tradunt
528 946 656 1022 ¹⁷⁹),
702 961 948 1023 quorum
985 943 1301 1024 singularis
1345 945 1420 1005 de
1467 944 1914 1007 chamaeleonte
1961 947 2331 1026 conscriptus
2378 962 2415 1008 a

238 1044 469 1115 Plinio·
499 1052 767 1115 laudatur
798 1058 952 1143 180).
1017 1054 1418 1115 Democritum
1474 1059 1778 1115 auctorem
1824 1053 2088 1116 adhibuit
2124 1053 2263 1133 Vll,
2311 1054 2411 1119 56.

241 1157 413 1237 vul,
455 1162 567 1223 22..
615 1160 707 1236 Χ,
747 1160 846 1237 70.
875 1218 883 1226 .
913 1158 1027 1237 XI,
1075 1161 1151 1221 28
1167 1180 1185 1236 3
1256 1159 1473 1221 deinde
1515 1160 1691 1222 multa
1735 1161 1807 1222 ab
1857 1178 1929 1221 eo
1974 1159 2263 1223 mutuatus
2298 1168 2413 1242 est,

244 1284 498 1349 quorum
541 1276 870 1346 auctorem,
913 1275 975 1329 ut
1019 1270 1255 1348 saepius
1294 1248 1508 1330 facere
1557 1268 1741 1345 solet,
1783 1287 1901 1330 non
1944 1270 2225 1332 nominat.
2311 1272 2413 1334 Sic

189 1446 195 1452 ,
244 1376 399 1456 vm,
430 1378 506 1440 72
542 1378 728 1453 (188)
774 1378 1146 1439 Democritus
1172 1358 1380 1439 auctor
1421 1378 1714 1438 nominari
1756 1377 2014 1438 debebat
2043 1354 2151 1453 (cf.
2184 1377 2408 1453 Colum.

240 1489 315 1551 R.
365 1489 431 1550 R.
481 1486 576 1565 vt,
621 1487 717 1548 28.
751 1484 874 1564 Vll,
916 1485 1006 1561 3.).
1093 1485 1315 1547 Ibidem
1362 1486 1548 1561 (189)
1599 1486 1937 1564 observatio
1986 1504 2018 1547 a
2065 1486 2405 1574 Democrito

234 1597 554 1676 desumpta
596 1594 857 1657 affertur.
944 1593 1031 1655 Cf.
1075 1594 1399 1674 Geoponic.
1444 1593 1665 1673 XVlll,
1707 1593 1782 1673 6,
1825 1576 1942 1674 quo
1987 1593 2124 1656 loco
2186 1573 2408 1657 Demo-

242 1706 435 1789 critus
478 1704 566 1765 rei
607 1709 815 1765 auctor
861 1701 1148 1764 laudatur.

414 1813 802 1893 Hippocrates
850 1811 1007 1872 Cous
1039 1814 1189 1887 ¹8¹),
1233 1826 1403 1890 quem
1447 1808 1660 1871 Plinius
1699 1810 2025 1889 principem
2066 1810 2402 1877 medicinae

226 1919 494 2002 appellat
562 1920 873 1998 multisque
944 1919 1226 2009 naturalis
1294 1918 1582 1980 historiae
1655 1919 1805 1980 locis
1875 1920 2117 1981 summis
2204 1920 2403 1985 laudi·-
2512 1908 2522 1938 ²

212 2012 350 2095 'hus
394 2028 623 2090 extollit
650 2010 879 2105 ¹⁸²),T'in
925 2026 1123 2103 rebus,
1161 2042 1313 2106 quae
1360 2027 1435 2088 ad
1478 2025 1735 2088 hominis
1775 2033 2043 2089 naturam
2090 2031 2401 2109 corporis·

229 2156 357 2222 que
399 2145 750 2200 structuram
790 2142 1098 2216 spectant,
1137 2135 1590 2216 probatissimus
1642 2136 1699 2198 ei
1744 2143 1954 2199 auctor
2002 2137 2124 2200 suit.
2196 2137 2399 2201 Utrum

225 2262 390 2312 vero
436 2242 813 2327 Hippocratis
877 2243 1066 2307 libros
1111 2243 1343 2307 Graece
1384 2246 1640 2325 scriptos
1681 2246 1811 2324 ipse
1852 2245 2177 2326 inspexerit
2219 2252 2394 2326 atque

262 2619 406 2687 178)
442 2616 525 2673 Cf,
560 2614 734 2668 Nicias
771 2613 834 2664 ad
874 2610 1153 2680 Geoponic.
1188 2607 1211 2663 1
1248 2623 1299 2678 p.
1334 2608 1420 2664 55.
1570 2608 1691 2681 179)
1728 2608 1806 2662 Οἳ.
1841 2605 1993 2678 Diog.
2030 2607 2120 2675 ΙΧ,
2160 2610 2231 2663 34
2261 2626 2364 2701 ⁸¹¹⁶.

204 2728 209 2732 ’
267 2722 393 2794 180)
435 2718 662 2779 xxvnl,
701 2718 806 2770 292
856 2716 1130 2785 iungemus
1168 2714 1274 2767 illis
1309 2713 1563 2766 simillima
1602 2722 1655 2766 et
1688 2716 2160 2785 peregrina'aeque
2195 2718 2394 2771 anima-

440 2816 548 2866 lia:
603 2816 846 2881 priusque
881 2810 1293 2866 chamaeleonem
1315 2845 1331 2874 ‚
1386 2809 1638 2877 peculiari
1671 2811 1932 2862 volumine
1963 2811 2171 2879 dignum
2209 2791 2391 2866 existi·

435 2919 623 2962 matum
659 2908 951 2960 Democrito
972 2944 988 2970 ,
1040 2922 1100 2956 ac
1151 2921 1244 2972 per
1279 2904 1481 2972 singula
1525 2904 1749 2956 membra
1785 2907 2101 2958 deeecratum
2135 2922 2240 2959 non
2273 2910 2389 2962 sino

434 3020 622 3073 magna
655 2997 917 3073 voluptate
951 3009 1121 3053 nostra
1143 3038 1158 3064 ,
1217 3001 1436 3066 cognitis
1483 3000 1797 3066 proditisque
1840 3001 2139 3052 mendaciisv
2161 3001 2388 3056 Graecae

432 3101 691 3153 vanitatis.
751 3096 980 3149 Eundem
1011 3095 1075 3147 de
1111 3094 1497 3146 chamaeleonte
1534 3093 1717 3145 librum
1756 3094 2054 3155 Plutarchus
2091 3095 2263 3150 laudat
2281 3086 2413 3151 Pu

424 3197 536 3264 ricl.
558 3195 608 3246 6.
645 3194 805 3244 Recte
831 3191 962 3247 Gen.
999 3190 1058 3243 N.
1089 3193 1147 3243 A.
1188 3192 1248 3254 X,
1292 3192 1384 3242 122
1423 3189 1511 3240 His
1551 3192 1859 3255 portentosis
1895 3199 2049 3259 atque
2087 3195 2380 3263 praestigiis

408 3291 459 3343 ‘a
495 3291 660 3342 Plinio
698 3287 934 3341 Secundo
973 3288 1175 3352 scriptis
1214 3300 1316 3336 non
1354 3284 1562 3352 dignum
1606 3300 1722 3339 esse
1780 3301 2066 3354 cognomen
2103 3289 2400 3344 Democriti

429 3394 572 3454 puto.
647 3382 838 3447 Quodsi
867 3381 1074 3446 ‘Plinius
1111 3376 1230 3444 res‚'
1253 3394 1378 3447 quas
1416 3381 1479 3431 de
1519 3380 1902 3433 chamaeleonte
1939 3383 2089 3432 tradit
2113 3383 2267 3453 (vul,
2291 3383 2378 3437 51.

425 3479 492 3542 x,
527 3476 750 3540 73.·x1‚
791 3477 876 3529 55.
911 3474 996 3527 72.
1041 3473 1274 3537 xxvm,
1310 3473 1443 3538 29),
1482 3486 1546 3525 ex
1582 3473 1680 3524 hoc
1714 3473 1987 3528 Democriti
2022 3476 2153 3529 libro
2193 3464 2379 3545 hausit,

367 3551 373 3556 ⁴
426 3542 752 3636 Aristoteles,
788 3571 874 3639 qui
912 3569 1116 3621 easdem
1154 3583 1239 3620 res
1277 3568 1459 3619 iisdem
1501 3568 1612 3619 fere
1645 3569 2049 3636 verbis-profert
2085 3570 2165 3642 (H.
2208 3577 2247 3624 A
2307 3571 2373 3638 11,

425 3671 509 3720 11.
552 3667 616 3717 de
655 3675 782 3733 part.
808 3666 972 3715 anim.
1010 3663 1093 3728 lv,
1135 3666 1193 3714 11
1232 3667 1401 3733 extu),
1445 3664 1844 3730 descriptionem*
1874 3646 2271 3727 chamaeleontis
2308 3682 2373 3722 ex

426 3763 609 3814 eodem
650 3763 994 3827 desumpsisse
1034 3759 1236 3810 videtur
1269 3758 1547 3810 Democriti
1589 3758 1750 3813 libro„
1841 3774 1852 3809 ι

215 3871 372 3943 ·181)
411 3867 490 3921 Cf.
528 3868 751 3921 Houdart
796 3866 982 3924 etudes
1015 3864 1328 3931 historiques
1371 3872 1423 3914 et
1463 3863 1706 3930 critique&
1748 3874 1834 3913 sur
1870 3858 1918 3914 la
1957 3864 2042 3917 vie
2094 3848 2145 3917 et
2183 3862 2236 3918 la
2272 3860 2368 3919 ‹io-

417 3964 581 4014 ctrine
614 3962 979 4027 d'Hippocrate
1023 3948 1224 4026 (1836).
1262 3952 1504 4013 Peter-sen
1521 3957 1843 4023 Hippocratis
1862 3960 2066 4017 nomine
2094 3974 2226 4028 quae
2262 3960 2366 4014 cir·

415 4057 763 4109 cumseruntur
788 4056 977 4121 scripta
1017 4053 1218 4122 (1839).

128 4132 133 4139 ’
238 4164 361 4235 182)
400 4129 480 4214 cf.
525 4159 647 4215 run.
690 4158 870 4223 xvni,
911 4158 988 4209 ιε..
1031 4156 1206 4219 xxvi,
1241 4155 1290 4212 6.
1327 4152 1506 4215 xxix,
1542 4154 1592 4205 2.

1825 4198 2082 4333 ,4,
