2809 4792
1234 359 1722 435 ...14-

398 556 697 637 quendam
747 556 1019 619 ordinem
1072 564 1318 623 noetus
1375 562 1558 621 totam
1615 556 1872 621 bominis
1915 558 2092 621 vitam
2136 556 2274 625 inde
2318 575 2351 619 a
2395 563 2564 637 partu

394 666 476 727 ad
518 672 768 727 mortem
830 682 1017 746 usque
1056 666 1530 744 pertractaverit.
1613 664 1810 727 Multis
1853 664 2010 726 locis
2051 666 2377 729 sententias
2424 665 2564 745 phi-

398 772 764 853 losophicas,
807 775 985 837 modo
1009 775 1268 848 StoicoS‚
1311 771 1835 854 modoEpicureos
1881 780 2143 851 secutus,
2193 775 2561 855 interposuit.

393 882 499 946 sse
538 888 764 945 sortem
808 883 1123 947 humanam
1172 883 1352 945 modo
1388 882 1772 960 lamentatur,
1813 881 1993 945 modo
2025 884 2368 962 admiratur,
2411 903 2566 966 qua-

404 996 577 1052 tenus
602 989 782 1053 homo
816 990 895 1052 ob
929 990 1202 1070 corporis
1245 990 1632 1055 infirmitatem
1677 990 1868 1053 multis
1913 990 2207 1055 obnoxius
2254 990 2330 1053 sit
2371 972 2597 1070 malis(

401 1096 496 1158 vel
541 1096 764 1179 ingenii
807 1098 1116 1160 virtutibus
1162 1098 1378 1159 ceteris
1419 1103 1682 1177 praestet
1719 1096 2083 1162 animalibus,
2142 1097 2287 1159 Num
2335 1104 2564 1171 natura,

397 1223 571 1285 quam
615 1223 744 1267 cum
793 1205 905 1267 diis
949 1205 1201 1268 eandem
1252 1214 1462 1267 censet
1488 1211 1610 1285 ⁵⁰),
1676 1207 1896 1268 homini
1945 1207 2097 1267 bona
2162 1223 2418 1286 parens,
2483 1223 2558 1285 an

390 1315 578 1377 tristis
620 1312 796 1375 fuerit
839 1328 1139 1390 noverca,
1186 1311 1434 1373 dubitat.
1517 1311 1693 1388 Nihil,
1742 1312 1958 1389 docet,
1998 1311 2222 1373 homini
2267 1314 2556 1374 brevitate

391 1424 553 1485 vitae
618 1404 1030 1501 praestabilius
1077 1440 1213 1484 esse
1244 1427 1347 1498 θ’).
1439 1423 1911 1502 Descriptionem
1959 1423 2252 1484 humanae
2316 1427 2559 1482 naturae

292 1514 298 1519 ”
395 1547 541 1595 vera
587 1529 859 1593 doctrina
901 1529 1164 1610 dignam,
1208 1528 1440 1609 qualem
1465 1528 1823 1604 AristoteliS,
1874 1528 2266 1610 HippocratiS,
2309 1526 2555 1590 aliorum

388 1639 558 1701 libris
597 1656 737 1701 usus
782 1640 1071 1719 praebere
1118 1635 1394 1711 debebat,
1443 1635 1871 1713 desideramuS,
1910 1637 2043 1698 dum
2087 1635 2296 1698 multas
2326 1635 2555 1714 ineptas

390 1746 608 1808 levium
669 1752 973 1807 auctorum
1043 1743 1274 1807 fabulas
1320 1747 1449 1819 ⁵²),
1513 1743 1793 1824 imprimis
1855 1740 2122 1805 secundo
2182 1742 2355 1805 huius
2417 1743 2553 1805 libri

385 1857 581 1936 capite
610 1902 627 1933 ,
690 1854 850 1916 omni
895 1853 1118 1915 iudicio
1169 1851 1483 1915 destitutus
1527 1852 1817 1933 congerit.
1901 1852 2020 1914 Res
2066 1857 2127 1913 et
2171 1851 2558 1914 observatio-

376 1977 493 2027 nes
534 1962 592 2022 in
637 1957 1291 2042 elenchobDCCXLVll
1338 1976 1415 2021 ex
1460 1957 1648 2021 XXlV
1695 1959 2036 2025 auctoribus
2081 1959 2328 2038 LatiniS,
2365 1959 2548 2025 XLIX

384 2067 632 2133 Graecis
661 2085 730 2130 se
774 2069 1152 2147 excerpsisse
1191 2065 1503 2146 professus
1548 2072 1671 2143 est„
1703 2067 1913 2147 quibus
1936 2067 2147 2146 Varro,
2196 2067 2557 2150 Theophra-'

370 2183 509 2245 ‚atus
551 2184 613 2239 et
654 2177 948 2243 Homerus
1001 2176 1063 2239 in
1126 2176 1258 2254 ipso
1318 2175 1470 2236 libro
1515 2175 1803 2237 nomi-nati
1864 2182 1924 2237 et
1985 2178 2045 2239 in
2095 2184 2293 2255 partes
2353 2177 2550 2239 vocati

368 2284 649 2353 addendi
680 2291 819 2347 sunt
849 2286 954 2360 ⁶³).
1040 2280 1106 2344 ln
1149 2281 1301 2345 libro
1346 2283 1477 2361 ipso
1514 2282 1625 2347 bos
1673 2288 1974 2359 auctores,
2014 2284 2073 2345 in
2119 2285 2318 2347 indice
2353 2287 2556 2348 nomi-

376 2400 587 2472 natos,
633 2392 878 2455 laudare
919 2390 1338 2472 praetermisit,
1380 2390 1716 2453 Cornelium
1762 2392 2069 2472 Nepotem,
2107 2391 2353 2470 Livium,
2395 2394 2552 2457 Cor-

380 2503 520 2567 dum
546 2549 565 2580 ,
622 2501 959 2573 melissum,
1015 2499 1326 2562 Maximum
1375 2498 1669 2561 Valerium
1717 2506 1778 2559 et
1816 2499 2134 2577 Fabianum
2160 2546 2177 2576 ‚
2221 2519 2256 2562 e
2300 2502 2548 2565 Graecis

376 2611 710 2686 Eudoxum,
751 2607 1212 2688 Artemidorum,
1254 2606 1672 2686 Asclepiadem
1716 2608 2028 2684 medicum,
2071 2608 2320 2688 Diyllum
2349 2608 2546 2673 histo-

376 2720 586 2796 ticum,
629 2719 1005 2793 Stratonem,
1046 2716 1146 2795 qui
1193 2721 1415 2799 contra·
1443 2715 1665 2796 Ephori
1705 2713 2062 2799 εὑρήματα,
2107 2716 2546 2798 Asclepiadem,

372 2828 474 2908 qui
515 2818 1001 2909 τραγῳδούμενα
1042 2822 1301 2901 scripsit.
1374 2897 1381 2903 ·
1945 2898 1962 2905 -

546 2932 691 2997 Inde
726 2952 760 2995 a
806 2931 960 2997 libro
1005 2937 1221 2993 octavo
1273 2947 1461 3017 usque
1526 2928 1599 2991 ad
1668 2929 2082 2995 duodecimum
2145 2951 2311 3009 eam,
2368 2951 2544 3015 quam

375 3044 559 3109 hodie
599 3043 939 3124 zoologiam
984 3041 1387 3123 appellamuS,
1456 3039 1740 3102 historiae
1795 3041 2075 3105 naturalis
2117 3048 2343 3122 partem
2399 3059 2546 3123 per-

387 3159 621 3214 tractat.
720 3149 1016 3213 Animalia
1074 3166 1110 3207 e
1171 3141 1415 3211 diversa
1477 3147 1743 3229 locorum
1808 3155 2014 3211 natura
2083 3149 2141 3211 in
2202 3151 2547 3228 terrestria,

378 3261 646 3342 aquatica
678 3305 695 3333 ,
756 3255 1061 3329 volatilia,
1118 3273 1268 3333 quae
1328 3255 1383 3314 in
1437 3259 1577 3315 aere
1621 3256 1873 3316 maxime
1920 3256 2145 3337 degere
2190 3257 2425 3332 solent,
2482 3265 2545 3320 et

375 3370 624 3442 insecta,
668 3381 820 3444 quae
865 3359 960 3421 vel
1004 3364 1245 3437 terram,
1294 3358 1385 3419 vel
1430 3378 1659 3440 aquam,
1701 3361 1797 3421 vel
1844 3365 2041 3424 aerem
2091 3364 2394 3440 incolunt,
2441 3366 2543 3430 di-

372 3476 593 3537 stinxit.
686 3473 871 3546 Quam
915 3467 1150 3550 quidem
1197 3467 1600 3549 distinguendi
1644 3469 1930 3531 rationem
1977 3489 2054 3533 ex
2099 3474 2421 3537 Aristotele
2447 3479 2539 3552 ⁵⁴)

438 3665 528 3729 50)
564 3663 631 3727 11,
675 3669 719 3713 1.
755 3660 823 3711 cf.
859 3659 1085 3711 Lactant.
1123 3657 1186 3709 de
1221 3658 1392 3725 opific.
1433 3658 1526 3710 Dei
1564 3659 1615 3710 3.

437 3762 530 3830 51)
570 3757 684 3820 vn,
720 3758 811 3808 51:
877 3755 1069 3808 Natura
1115 3769 1238 3804 vero
1298 3753 1424 3805 nihil
1473 3753 1763 3806 hominibus
1816 3754 2066 3807 brevitate
2105 3755 2243 3808 vitae
2280 3758 2536 3824 praestitit

578 3852 777 3903 melius.
852 3851 931 3902 Ct'.
970 3868 1016 3902 c.
1055 3848 1142 3902 56.
1197 3847 1306 3900 Cic.
1343 3847 1490 3899 Tusc.
1528 3848 1589 3911 1,
1627 3849 1734 3912 34,
1769 3848 1841 3901 84
1899 3849 2112 3905 candem
2152 3866 2259 3905 rem
2304 3853 2357 3903 in
2399 3852 2533 3904 libro

576 3948 640 3998 de
662 3945 1033 4008 consolatione,
1063 3946 1335 4012 Hegesiam
1350 3942 1686 4008 Cyrenaicum
1712 3952 1938 4008 secutus,
1972 3944 2180 3997 uberius
2205 3954 2530 4002 tractaverat.

437 4045 528 4116 52)
568 4042 648 4097 cf.
693 4041 799 4106 Vll,
834 4044 886 4093 2.
922 4042 972 4095 6.
1012 4041 1090 4096 16.
1137 4040 1214 4094 19.
1253 4040 1338 4092 21.
1378 4040 1464 4091 53.
1501 4039 1587 4093 59.
1620 4037 1707 4090 60.

429 4140 522 4210 53)
559 4139 717 4190 Varro
753 4136 986 4189 laudatur
1020 4130 1073 4186 c.
1102 4135 1186 4195 60,
1227 4133 1603 4201 Theophrastus
1642 4149 1685 4184 c.
1722 4133 1809 4196 57,
1853 4132 2100 4186 Homerus
2144 4151 2188 4186 c.
2225 4136 2273 4187 2.

429 4234 519 4299 54)
559 4233 639 4286 Cf.
679 4232 836 4285 Arist.
875 4229 930 4281 Η.
968 4230 1030 4281 A.
1075 4229 1208 4297 vm,
1248 4231 1314 4299 2:
1371 4230 1674 4302 Διῄρηνται
1720 4230 1780 4287 δὲ
1832 4228 1972 4285 κατὰ
2021 4225 2150 4291 τούς
2184 4230 2404 4292 τόπους·
2452 4218 2521 4285 τὀὶ
