2809 4792
1081 307 1163 355 ‹ur-⁰
1202 344 1219 358 ο
1312 306 1404 356 εἰ.
1440 318 1458 335 ⁰
1517 312 1632 360 ⁸0⁸..
1669 316 1761 356 ..θ’
1796 326 1814 341 .
1844 321 1920 353 'o'

976 352 1372 439 “.“ο.οοοδοο
1451 352 1690 384 ...σοι
1799 359 1852 375 00
1913 356 1931 372 Ο

1054 402 1145 417 ιιι-
1400 398 1494 418 m

182 557 248 620 in
291 553 543 633 scientia
586 554 839 621 naturali
881 557 1291 637 profecerunt,
1334 560 1416 622 ita
1459 565 1523 623 ut
1565 557 1770 623 omnis.
1797 557 2042 641 generis
2067 556 2354 625 mucidus

184 666 556 729 abundantes
619 671 801 727 totam
865 683 1062 729 rerum
1108 668 1463 731 naturalium
1510 667 1816 743 scientiam
1865 666 2118 730 Graecis
2159 668 2355 731 debe-

183 782 336 839 rent.
422 774 594 837 Unde
638 792 754 854 quo
800 780 1068 853 tempore
1118 775 1523 853 Graecorum,
1584 776 1869 855 imprimis
1910 775 2252 838 Aristotelis
2294 783 2356 839 et

182 882 614 963 Theophrasti,
659 884 847 945 libros
888 881 1153 947 nondum
1199 883 1479 964 cognitos
1527 882 1867 959 habebant,
1913 885 2013 946 vix
2053 885 2357 947 mentione

191 993 414 1073 dignae
478 991 748 1053 videntur
804 990 1211 1055 Romanorum,
1272 992 1654 1072 cognitiones
1718 1009 1916 1053 rerum
1973 993 2361 1072 naturalium,
2424 994 2431 1004 ⁴

197 1100 417 1180 quippe
479 1097 1000 1177 superstitionibus
1063 1117 1098 1159 e
1153 1098 1313 1180 vulgi
1373 1100 1694 1163 traditione
1759 1102 1907 1163 ortis
1965 1100 2227 1163 refertae
2274 1105 2359 1177 8).

193 1188 377 1271 Cuius
432 1206 521 1268 rei
578 1204 933 1269 luculentum
977 1207 1393 1273 documentum
1440 1209 1516 1273 M.
1562 1210 1625 1272 P.
1666 1209 1908 1272 Catonis
1957 1209 2242 1273 librorum
2284 1209 2361 1272 de

190 1334 265 1379 re
319 1318 540 1379 rustica
593 1332 770 1396 pars,
831 1332 984 1395 quae
1038 1321 1252 1381 tractat
1306 1296 1708 1392 medicinam,
1769 1319 1946 1380 nobis
2007 1318 2254 1399 praebet
2278 1321 2362 1394 ⁹).

189 1422 405 1484 Postea
451 1437 638 1497 vero,
699 1439 872 1501 quum
924 1423 1288 1489 Graecorum
1327 1423 1735 1504 philosophia,
1780 1427 2098 1506 praecipue
2139 1427 2363 1505 Stoica,

196 1546 351 1608 quae
393 1528 644 1591 naturali
702 1531 994 1595 scientiae
1040 1530 1357 1611 augendae
1415 1531 1571 1595 haud
1616 1548 1821 1611 parum
1874 1533 2134 1613 profuit,
2183 1551 2367 1614 prae-

130 1666 135 1670 ·
196 1638 557 1699 slantissima
595 1637 994 1713 Romanorum
1037 1639 1277 1719 ingenia
1323 1646 1642 1707 exerceret
1683 1641 1964 1721 multique
1991 1642 2205 1705 Graeci
2248 1643 2368 1705 do·—

199 1747 390 1809 ctrina
452 1748 671 1826 optime
731 1748 1016 1813 instructi
1045 1746 1273 1811 Romae
1319 1755 1740 1825 versarentur,
1793 1752 1924 1813 fieri
1980 1766 2104 1815 uon
2161 1751 2370 1829 pontit,

197 1852 337 1934 quin
396 1872 592 1919 rerum
653 1861 901 1919 naturae
946 1855 1203 1918 studium
1243 1860 1361 1919 tam
1404 1861 1570 1919 arcte
1616 1873 1749 1919 cum
1796 1854 2173 1937 philosophia
2214 1875 2371 1921 con-⁶

198 1963 461 2029 iunctum
506 1980 626 2024 non
672 1980 920 2042 prorsus
968 1963 1306 2045 neglectum
1362 1964 1608 2029 iaceret.
1696 1965 1819 2031 Viri
1882 1971 1940 2026 et
2000 1966 2270 2047 ingenio·
2311 1972 2371 2029 et

199 2070 472 2150 doctrina
516 2068 883 2133 excellentes
932 2070 1228 2152 paullatim
1285 2070 1362 2137 ad
1404 2071 1562 2139 haec
1599 2072 1793 2137 studia
1834 2074 1914 2139 ita
1964 2075 2370 2150 trahebantur,

197 2180 491 2264 ut-libros
534 2178 916 2259 physicorum
965 2181 1329 2253 Graecorum
1373 2179 1670 2262 legerent,
1709 2161 2104 2261 excerperent
2143 2189 2207 2243 et
2235 2182 2372 2244 Lau

198 2280 323 2353 tine
380 2288 721 2353 redderent.
807 2288 927 2351 lam
969 2287 1041 2351 Μ.
1087 2288 1305 2351 Tullius
1355 2288 1570 2353 Cicero
1630 2290 1975 2355 Aristotelis
2039 2296 2101 2351 et
2164 2289 2367 2350 Theo-

196 2395 430 2475 phrasti
471 2396 655 2459 libros
700 2397 985 2478 physicos
1046 2398 1107 2461 in
1166 2414 1336 2463 usum
1396 2415 1564 2463 suum
1605 2404 1991 2463 conver-terat
2025 2402 2147 2477 ¹⁰),
2209 2395 2370 2476 quod

200 2501 362 2565 idem
391 2504 466 2565 de
490 2504 564 2566 M.
588 2506 866 2569 Terentio
889 2506 1160 2571 Varrone
1204 2506 1609 2594 Romanorum
1649 2504 2000 2569 doctissimo
2028 2506 2368 2581 scimusss).

201 2612 267 2679 Ρ.
304 2612 574 2694 Nigidius
620 2614 900 2695 Figulus,
960 2615 1272 2679 Ciceronis
1333 2616 1603 2692 amicus,
1658 2613 1749 2675 vir
1806 2630 2072 2678 summae
2136 2613 2371 2677 doctri·-

198 2740 318 2785 nae
365 2730 543 2804 atque
584 2724 974 2801 auctoritatiS,
1016 2725 1213 2789 studio
1259 2742 1454 2788 rerum
1504 2730 1787 2798 naturae,
1834 2721 2219 2787 Aristotelem
2263 2739 2374 2785 sen

197 2838 413 2910 cutus,
470 2850 712 2914 operam
777 2813 958 2893 dedit.
1043 2832 1297 2912 Augusti
1357 2838 1625 2910 tempore
1669 2829 1948 2910 ·Trogum
2008 2816 2366 2909 Pompeium,

197 2941 578 3004 historiarum
622 2941 1009 3022 scriptorem,
1056 2940 1130 3002 de
1175 2938 1527 3003 animalibus
1571 2936 1759 3001 libros
1804 2939 2217 3017 composuisse
2257 2932 2379 3001 aci

559 3100 695 3114 ..αι-

403 3194 675 3246 Marsicum
715 3191 1271 3253 bellumtostrearum,
1324 3187 1552 3240 Licinius
1594 3184 1804 3239 Murena
1853 3185 2098 3253 piscium,
2150 3164 2365 3240 Fulvius

315 3330 319 3336 .
396 3290 633 3356 Hirpinus
670 3288 1000 3340 cochlearum
1034 3284 1264 3349 vivaria,
1317 3285 1383 3339 M.
1426 3284 1644 3336 Laenius
1680 3283 1862 3335 Strabo
1895 3284 2129 3334 aviaria
2147 3282 2363 3335 inclusis

403 3385 626 3435 omnium
687 3399 935 3452 generum
995 3380 1176 3433 avibus
1228 3381 1471 3436 instituit.
1555 3377 1979 3449 cf.1³1in.1x,
2013 3378 2103 3436 79.
2137 3378 2230 3433 80.
2276 3376 2364 3431 82.

409 3480 469 3544 X,
514 3480 598 3530 72.
2339 3510 2367 3541 ,

305 3573 364 3643 8)
402 3573 693 3625 Beckmaun
750 3570 1086 3636 „Geschichte
1134 3567 1226 3619 der
1260 3567 1637 3636 Erfindungen“
1682 3567 1731 3619 11
1768 3582 1821 3634 p.
1861 3566 1966 3619 364
2003 3581 2078 3634 sq.
2152 3564 2366 3619 Werns

395 3667 584 3719 dorfius
630 3667 682 3720 P.
726 3667 781 3718 1..
818 3667 883 3718 Μ.
923 3665 1032 3733 Ip.
1076 3664 1172 3717 145
1213 3671 1309 3731 sq.

307 3765 366 3835 9)
404 3745 483 3815 cf.
524 3763 582 3814 R.
618 3763 678 3815 R.
723 3761 814 3815 161
860 3771 910 3814 et
948 3760 1073 3812 ibid.
1117 3760 1328 3826 interpr.
1523 3791 1530 3800 -

273 3860 360 3928 10)
398 3857 545 3909 Tusc.
583 3857 636 3920 1,
672 3855 758 3908 39.
792 3855 861 3911 94
914 3856 1089 3926 (Arist.
1128 3840 1292 3906 i1.A.
1336 3853 1416 3916 V,
1459 3851 1582 3923 19),
1638 3848 1681 3915 1,
1715 3848 1804 3913 33,
1839 3847 1927 3912 80,
1975 3842 2154 3918 (Arias
2199 3838 2369 3894 Probi.

411 3941 712 4021 xxlx,'1).
763 3950 826 4002 de
864 3951 968 4001 div.
1009 3948 1064 4013 1,
1100 3948 1170 4001 38
1208 3948 1381 4016 (Arist.
1420 3947 1586 3998 Probl.
1625 3945 1803 4013 XXX).
1865 3944 1944 4010 11,
1977 3945 2047 3997 62
2084 3941 2261 4008 (Arist.
2306 3935 2371 3989 de

413 4049 624 4101 somniis
663 4047 735 4119 3).
808 4045 888 4098 cf.
921 4042 985 4097 de
1019 4044 1105 4096 fin.
1150 4045 1211 4109 V,
1244 4043 1421 4107 4,10.
1827 4054 1898 4079 ⁶--
2455 4035 2461 4043 ’

283 4147 372 4213 11)
409 4143 497 4195 Gl'.
531 4143 692 4194 Varro
727 4124 2089 4204 R.R.1,1‚8.11‚1‚19.111,16,37·(ubi
2075 4124 2364 4182 Aristotelis

424 4238 570 4289 locos
605 4235 883 4302 transtulit)
923 4243 983 4288 et
1009 4235 1075 4299 11,
1116 4234 1168 4299 3,
1207 4233 1260 4285 5.
1298 4233 1348 4295 5,
1392 4232 1473 4283 13.
1516 4232 1600 4293 11,
1635 4230 1688 4281 4.
1730 4233 1818 4300 (ex
1856 4225 2246 4294 Theophrasto.)
