2809 4792
1046 253 1142 301 ζ..
1175 255 1251 288 ..0
1280 261 1495 297 ...σοις
1586 268 1605 284 .
1674 264 1691 281 ο
1765 250 1781 264 ‘
1829 251 1859 296 ’ἡ

1121 291 1139 307 ο
1232 290 1250 306 ο

1085 308 1139 339 ⁸0
1175 303 1290 352 ⁰⁶⁰0·
1350 310 1367 326 ⁶
1404 296 1496 346 'tt-u
1590 333 1606 347 ,
1647 296 1728 343 :5‘
1842 324 1858 338 ο

1231 343 1357 377 0⁶0⁶
1438 358 1497 374 σο
1556 340 1841 382 σοι’-..0

1318 396 1411 411 —
1512 357 1563 430 4
1665 397 1756 410 —

479 559 768 640 ceptrum.
856 555 971 620 Alii
1028 573 1133 618 res
1187 555 1511 636 physicas,
1572 551 1902 635 exemplum
1945 552 2310 615 Graecorum
2352 547 2651 622 aemulati,

472 665 835 730 carminibus
877 670 1256 740 tractavere,
1297 662 1360 725 Τ.
1402 663 1711 725 Lucretius
1752 662 1977 735 Carus,
2027 661 2086 722 P.
2132 659 2409 741 Virgilius
2451 658 2643 733 Maro,

471 776 762 839 Aemilius
801 774 1038 850 Macer,
1106 772 1356 835 Ovidius
1420 771 1602 835 Naso.
1689 770 1927 833 Tiberio
1992 776 2284 850 regnante
2327 766 2644 828 Cornelius

462 886 674 948 Celsus
726 885 961 964 primus
1016 882 1369 962 scriptorum
1420 882 1821 943 Romanorum
1868 886 2053 941 totum
2095 878 2304 939 artium
2347 883 2408 938 et
2454 874 2646 936 disci-

458 993 747 1074 plinarum
790 992 1069 1053 ambitum
1108 992 1317 1071 viginti
1362 990 1530 1051 libris
1555 1035 1572 1065 ,
1613 989 1714 1069 qui
1757 988 1833 1049 de
1873 988 2097 1050 artibus
2139 986 2407 1065 inscripti
2451 984 2639 1044 fuisse

462 1102 738 1165 dicuntur
764 1145 783 1177 ,
856 1082 1160 1179 amplexus
1226 1106 1337 1160 est.
1447 1100 1519 1160 A.
1584 1099 1818 1160 Seneca
1894 1096 2112 1158 deinde
2178 1102 2402 1176 septem
2473 1094 2642 1156 libris

458 1211 873 1291 quaestionum
921 1207 1273 1269 naturalium
1313 1204 1642 1286 physicam,
1685 1222 1837 1285 quae
1869 1208 2112 1286 proprie
2140 1206 2369 1286 dicitur,
2415 1200 2644 1265 tracta-

448 1320 537 1380 vit
573 1324 672 1394 ¹²).
780 1317 1050 1396 Denique
1095 1316 1388 1379 Fabianus
1431 1316 1695 1397 Papirius
1721 1361 1740 1388 ‚
1792 1333 1966 1396 quem
2011 1315 2226 1377 Plinius
2270 1315 2350 1390 ¹³)
2393 1318 2644 1373 naturae

444 1442 642 1487 rerum
695 1426 1116 1504 peritissimum
1161 1425 1346 1502 dicit,
1408 1423 1484 1484 de
1527 1423 1707 1485 rebus
1743 1423 2011 1503 physicis
2068 1422 2383 1501 scripsisse
2425 1421 2632 1482 fertur.

456 1534 625 1608 Quos
667 1535 828 1597 viros
874 1536 1113 1613 excepit
1154 1532 1219 1594 C.
1265 1532 1483 1594 Plinius
1515 1518 1857 1606 'Secundus
1905 1532 2024 1610 qui,
2069 1538 2133 1592 ut
2175 1529 2404 1606 CelsuS,
2448 1536 2632 1592 totum

453 1644 862 1724 cognitionum
915 1644 1006 1704 sui
1049 1642 1332 1721 temporis
1374 1641 1651 1702 ambitum
1697 1658 1819 1701 uno
1864 1657 2051 1720 opere
2081 1640 2393 1716 conclusit,
2436 1657 2637 1719 quum,

450 1751 747 1833 *quidquid
809 1749 1050 1829 assidua
1095 1750 1462 1812 Graecorum
1524 1756 1584 1811 et
1622 1748 1960 1810 Latinorum
2028 1748 2311 1810 librorum
2380 1747 2639 1810 lectione

452 1868 861 1941 excerpserat,
907 1860 1148 1940 triginta
1187 1876 1298 1920 sex
1340 1858 1627 1921 naturalis
1672 1857 1961 1919 historiae
2004 1856 2169 1919 libris
2197 1856 2628 1938 complectere..

450 1974 563 2038 tur.
644 1970 765 2034 Sed
824 1971 1132 2032 audiamus
1192 1969 1381 2047 ipsum
1440 1968 1514 2028 de
1574 1966 1811 2047 origine
1868 1972 1929 2026 et
1988 1964 2243 2029 consilio
2283 1965 2485 2045 operis
2529 1965 2623 2028 sui

450 2078 847 2142 disserentem
883 2080 988 2154 ¹⁴⁸).
1076 2076 1296 2157 Viginti
1338 2076 1517 2138 millia
1563 2092 1763 2137 rerum
1810 2076 2122 2156 dignarum
2172 2092 2353 2153 cura,
2410 2074 2623 2152 inquit,

451 2201 533 2246 ex
575 2183 839 2247 lectione
879 2183 1239 2246 voluminum
1285 2184 1527 2245 circiter
1572 2183 1747 2244 duum
1795 2181 2071 2258 millium,
2131 2199 2380 2262 quorum
2439 2199 2632 2261 pauca

456 2292 775 2355 admodum
836 2292 1089 2354 studiosi
1148 2292 1448 2373 attingunt
1503 2299 1745 2374 propter
1802 2298 2097 2352 secretum
2159 2293 2489 2366 materiae,
2554 2306 2634 2351 ex

455 2402 773 2481 exquisitis
817 2400 1162 2463 auctoribus
1206 2408 1445 2462 centum
1473 2446 1492 2478 ,
1546 2400 1887 2463 inclusimus
1927 2399 2169 2480 triginta
2222 2416 2332 2459 sex
2373 2397 2637 2460 volumi-

452 2509 652 2586 nibuS,
696 2509 952 2570 adiectis
997 2508 1181 2569 rebus
1226 2509 1530 2587 plurimiS,
1577 2525 1727 2589 quas
1771 2516 1872 2570 aut
1906 2511 2336 2590 ignoraverant
2374 2508 2631 2587 prioreS,

451 2623 552 2678 aut
592 2623 802 2696 postea
845 2616 1160 2677 invenerat
1210 2620 1349 2676 vita.
1392 2652 1475 2664 --
1515 2616 1730 2677 Rerum
1797 2624 2006 2679 natura
2043 2621 2144 2693 ¹⁵),
2201 2616 2315 2678 hoc
2361 2623 2454 2678 est
2485 2604 2628 2678 'vita

450 2731 750 2791 narratur.
785 2760 858 2772 —-
892 2724 1207 2785 Praeterea
1254 2724 1367 2784 iter
1412 2731 1504 2785 est
1545 2741 1664 2785 non
1711 2725 1844 2786 trita
1907 2716 2249 2787 auctoribus
2306 2725 2402 2786 via
2428 2768 2447 2797 ‚
2512 2740 2630 2786 nec

465 2850 581 2914 qua
626 2833 1005 2914 peregrinari
1045 2833 1583 2912 animus=.expetat.'
1669 2833 1856 2895 Nemo
1901 2833 2053 2914 apud
2119 2851 2231 2896 nos
2257 2882 2272 2911 ,
2332 2835 2429 2912 qui
2476 2832 2636 2894 idem

464 2945 803 3020 tentaverit,
853 2959 1030 3005 nemo
1076 2943 1231 3023 apud
1278 2942 1586 3019 GraecOS‚
1634 2946 1731 3024 qui
1774 2960 1924 3004 unus
1966 2945 2161 3005 omnia
2210 2961 2280 3003 ea
2328 2948 2634 3003 tractave-

458 3054 555 3115 rit.
641 3052 827 3115 Nemo
871 3051 1088 3114 infitias
1133 3052 1280 3126 ibit,
1323 3051 1567 3113 Pliniani
1617 3053 1816 3133 operis
1858 3058 1919 3113 et
1962 3053 2252 3113 rationem
2298 3057 2357 3112 et
2396 3068 2633 3112 conce-

461 3161 727 3241 ptionem
772 3161 947 3223 nimis
989 3161 1281 3241 grandem
1330 3167 1391 3221 et
1433 3162 1825 3223 difficiliorem
1871 3161 2057 3223 fuisse
2083 3207 2099 3237 ,
2144 3179 2314 3240 quam
2357 3177 2510 3243 quae
2556 3160 2634 3220 ab

463 3283 586 3331 uno
625 3267 868 3329 homine
919 3283 1117 3346 eoque
1159 3266 1352 3328 multis
1398 3268 1660 3348 negotiis
1707 3267 1994 3342 districto,
2037 3268 2272 3348 qualem
2303 3267 2516 3329 Plinius
2548 3270 2634 3342 ι(ν)

463 3392 532 3439 se
568 3375 915 3456 profitetur,
968 3373 1081 3433 rite
1123 3372 1528 3451 perficeretur.
1614 3373 1818 3454 Neque
1867 3376 2053 3455 ipsum
2104 3378 2306 3456 operis
2360 3382 2473 3436 tam
2516 3376 2636 3434 im-

460 3485 653 3548 mensi
697 3480 1010 3546 difficultas
1075 3480 1224 3563 fugit
1276 3488 1336 3542 et
1375 3482 1794 3546 subdubitasse
1839 3486 2106 3561 videtur,
2172 3502 2307 3545 num
2350 3490 2633 3564 suscepto

544 3839 632 3910 12)
666 3837 957 3893 Aristotelis
1007 3838 1151 3890 libris
1182 3836 1273 3892 ae.
1308 3837 1613 3890 animalibus
1653 3828 1775 3903 utus
1812 3850 1891 3893 est
1927 3841 2038 3907 111,
2076 3843 2159 3893 16.
2197 3843 2269 3906 v,
2311 3841 2381 3907 6,
2441 3841 2527 3893 ubi
2566 3842 2636 3893 cf.

679 3933 889 3997 interpr.

544 4028 632 4097 13)
671 4026 890 4091 XXXVI,
918 4026 1011 4097 24.
1227 4027 1313 4095 14)
1353 4027 1515 4093 praef.
1562 4030 1642 4080 17.
1860 4031 1945 4102 15)
1981 4031 2047 4083 ib.
2095 4033 2162 4086 13*
2193 4049 2272 4100 sq.

539 4118 627 4190 16)
663 4117 731 4170 ib.
773 4119 841 4171 18
880 4117 1165 4171 *Homines
1216 4123 1351 4172 euim
1389 4135 1563 4173 sumus
1602 4118 1654 4172 et
1684 4125 1920 4189 occupati
1958 4124 2177 4189 officiis,
2228 4127 2627 4197 subsecivisque

679 4212 993 4280 temporibus
1022 4213 1119 4264 ista
1141 4228 1392 4279 curamus,
1437 4230 1505 4265 ne
1540 4217 1655 4283 quis
1691 4225 1915 4269 vestrum
1936 4227 2081 4284 putet
2099 4220 2178 4271 his
2199 4228 2452 4273 cessatum
2477 4222 2641 4276 horis.
