2809 4792
1016 372 1501 446 ...47-

190 563 534 629 Turranium
583 561 880 629 Gracilem
925 560 1054 641 (ΠΙ,
1103 565 1156 625 1.
1200 563 1258 626 4.
1296 563 1405 642 IX,
1446 560 1507 626 4.
1558 558 1765 644 XVIII,
1809 565 1937 645 15),
1999 566 2349 632 Massurium

192 672 472 735 Sabinum
518 671 672 751 (ΥΠ,
698 671 756 736 4.
783 672 885 734 44.
934 676 1018 750 Χ,
1059 673 1118 735 8.
1163 671 1289 748 ΧΥ,
1318 672 1419 735 38.
1463 673 1563 735 40.
1606 672 1757 751 XVI,
1788 674 1924 753 30),
1963 676 2351 757 Agrippinam

192 780 315 858 Vll,
355 782 418 846 6.
466 788 566 848 11.
615 782 707 848 15.
759 780 835 858 Χ,
875 777 975 842 43.
1023 779 1122 858 59,
1169 786 1230 842 et
1271 780 1653 862 saepissime)
1702 782 2004 844 Claudium
2033 784 2354 848 Caesarem

188 889 347 967 (ΥΠ,
388 890 447 955 3,.
496 889 658 966 VIII,
699 891 801 951 95.
842 889 902 951 7.
946 891 1037 952 14.
1081 889 1184 952 65.
1251 886 1359 967 IX,
1404 890 1462 950 5.
1527 889 1643 966 XI,
1684 891 1781 953 54.
1827 890 1925 953 73.
1985 886 2253 971 XI1‚'39,
2293 900 2356 956 et

188 1000 488 1079 saepius),
534 999 847 1063 Domitium
883 997 1184 1060 Calvinum
1237 997 1390 1075 (ΥΠ,
1415 998 1549 1075 54),
1592 998 1900 1061 Maximum
1921 998 2214 1063 Valerium
2258 1003 2355 1075 [in

190 1107 493 1171 indicibus
536 1109 773 1188 saepius
802 1153 820 1180 ,
861 1109 922 1169 in
971 1108 1115 1188 ipsis
1156 1107 1324 1170 libris
1364 1118 1685 1189 nusquam)
1712 1153 1731 1181 ,
1774 1109 2014 1174 Fabium
2055 1110 2355 1172 Vestalem

188 1215 347 1291 (ΥΠ,
391 1214 492 1279 46.
540 1215 638 1279 60.
687 1215 834 1295 ΥΠΙ,
880 1216 1024 1294 34),
1069 1216 1364 1281 Manilium
1407 1216 1515 1295 (Χ,
1557 1219 1626 1293 2)
1662 1221 1801 1295 ¹⁷2),
1840 1216 2049 1281 Allium
2092 1217 2355 1280 Flavium

194 1323 352 1399 (ΙΧ,
396 1326 509 1402 8),
578 1324 910 1389 Messallam
953 1325 1269 1389 Corvinum
1313 1310 1491 1405 (ΥΠ,
1536 1323 1633 1386 24.
1697 1324 1793 1402 X,
1836 1325 1966 1402 27).
2049 1325 2203 1388 Usus
2263 1331 2358 1389 est

193 1431 416 1495 deinde
464 1450 670 1497 eorum
712 1432 899 1510 libris,
941 1434 1040 1514 qui
1082 1433 1158 1495 de
1185 1431 1435 1496 Etrusca
1484 1431 1791 1514 disciplina
1830 1433 1957 1494 sive
2001 1432 2077 1494 de
2118 1433 2359 1496 divina-

192 1540 362 1602 tione
404 1543 813 1621 scripserunt,
860 1541 1141 1605 Umbricii
1189 1537 1449 1604 Melioris
1495 1540 1618 1620 (X,
1659 1540 1917 1625 7)»173),
1956 1542 2194 1604 Antistii
2237 1542 2360 1606 La..

192 1648 415 1711 heonis
457 1647 608 1727 (ind.
657 1648 711 1711 X
765 1655 826 1711 et
867 1648 1128 1730 XXXV,
1168 1649 1275 1726 7),
1337 1649 1472 1713 Iulii
1529 1646 1781 1729 Aquilae
1836 1648 1988 1724 (ind.
2031 1648 2083 1711 11
2126 1657 2186 1713 et
2224 1650 2360 1729 XI),

193 1756 481 1838 Tarquini
539 1757 691 1832 (md.
734 1756 869 1830 xl).
957 1740 1402 1820 Grammaticos
1451 1757 1717 1819 adhibuit
1780 1744 2015 1819 Aelium
2074 1757 2358 1820 Stilonem

200 1864 340 1942 (IX,
365 1865 463 1926 59.
510 1860 892 1940 xxxma),
935 1862 1243 1925 Procillum
1285 1861 1461 1939 (VIII,
1505 1864 1599 1941 2),
1640 1862 1704 1924 G.
1736 1861 2033 1924 Lenaeum
2060 1860 2361 1926 melissum

190 1973 358 2042 (find.
400 1972 499 2034 VII
546 1978 606 2034 et
644 1972 717 2035 Χ.
762 1968 1023 2047 XXVIII,
1075 1969 1204 2050 17),
1243 1971 1513 2033 Verrium
1552 1970 1826 2034 Flaccum
1873 1967 2037 2046 (vn,
2071 1970 2172 2031 54.
2215 1970 2363 2051 ΥΠΙ,

194 2077 257 2141 6.
307 2077 407 2155 ΙΧ,
431 2077 531 2142 39.
572 2077 780 2158 XVIII,
812 2084 905 2145 11.
953 2075 1212 2155 XXVIII,
1249 2077 1310 2155 4,
1355 2083 1419 2139 et
1457 2079 1749 2161 saepius),
1787 2078 2080 2160 Hyginum
2105 2077 2260 2154 (ind.
2284 2079 2363 2160 X,
2423 2066 2448 2079 “

195 2186 359 2263 xm,
397 2187 495 2248 47.
559 2162 1107 2263 xv1,84!'xvn¹,
1153 2184 1253 2248 63.
1309 2164 1467 2264 xix,
1513 2187 1610 2273 27.
1671 2186 1805 2265 xx,
1845 2188 1945 2249 45.
2010 2186 2184 2263 xx1‚
2225 2188 2363 2265 29),

194 2294 522 2359 Pedianum
564 2294 890 2359 AsconIum
942 2292 1097 2372 (VII,
1129 2292 1292 2371 49).·
1347 2294 1656 2357 Poetarum
1705 2294 1963 2374 denique
2008 2294 2362 2358 auctoritate

146 2478 169 2492 l
197 2421 353 2469 usus
396 2410 491 2465 est
525 2402 733 2465 Lucilii
775 2400 953 2479 (VIII,
992 2399 1146 2480 74),
1187 2401 1417 2464 Horatii
1458 2401 1566 2479 (Χ,
1611 2398 1691 2464 74
1733 2400 1812 2463 cf.
1855 2401 1998 2464 Hor.
2033 2407 2151 2464 sat.
2192 2401 2261 2485 Il,
2300 2403 2362 2481 4,

197 2516 323 2591 12)
366 2519 425 2573 et
468 2511 725 2589 Laberii,
767 2512 1073 2589 mimorum
1134 2510 1443 2591 scriptoris
1485 2509 1626 2588 (IX,
1674 2510 1806 2586 28).
1889 2510 2202 2574 Praeterea
2246 2529 2360 2573 an-

194 2619 376 2683 nales
441 2627 502 2683 et
545 2627 677 2682 acta
720 2620 779 2681 in
824 2617 1002 2681 rebus
1061 2617 1398 2702 historicis,
1456 2619 1824 2683 mirabilibus
1878 2626 1940 2683 et
1979 2619 2364 2709 prodigiosis

191 2730 555 2809 saepissime
593 2734 775 2790 testes
822 2727 1106 2790 adhibuit.
2015 2712 2018 2719 ’

370 2837 466 2900 Ad
508 2844 786 2900 auctores
829 2837 1096 2900 Graecos
1138 2835 1621 2916 transeuntibus,
1686 2854 1932 2918 quorum
1974 2837 2187 2900 multos
2226 2838 2363 2918 qui-

199 2947 370 3024 dem,
412 2948 511 3008 vix
553 2963 670 3008 uno
713 2944 808 3006 vel
853 2947 1040 3008 altero
1087 2946 1224 3008 loco
1270 2946 1567 3024 laudatos,
1614 2947 1675 3008 in
1716 2946 1968 3008 elencho
2014 2947 2362 3026 nominavit,

201 3055 326 3120 sed
368 3053 558 3137 alios,
615 3061 677 3116 ut
720 3053 846 3114 fere
888 3070 1138 3130 omneS,
1181 3054 1279 3133 qui
1327 3051 1402 3114 de
1448 3032 1807 3135 agricultura
1849 3061 1909 3116 et
1954 3054 2028 3116 de
2065 3036 2364 3119 medicina

196 3163 531 3244 scripsisse
574 3162 885 3239 feruntur,
943 3162 1004 3223 in
1070 3162 1213 3242 ipsis
1254 3159 1420 3222 libris
1468 3160 1903 3241 praetermisit,
1966 3144 2362 3225 confitendum

197 3275 333 3341 est,
371 3286 484 3331 nos
529 3269 644 3333 hac
689 3271 1014 3335 occasione
1054 3287 1178 3333 rem
1225 3275 1340 3331 tam
1390 3268 1631 3333 arduam
1649 3270 1966 3349 2perficere
1993 3288 2117 3335 non
2159 3288 2364 3351 posse,

199 3394 391 3459 quum
435 3384 712 3441 accurata
753 3384 845 3440 tot
882 3394 1151 3440 errorum
1196 3368 1587 3457 omnibusque
1608 3379 1871 3440 numeris
1895 3377 2166 3440 absoluta
2189 3377 2367 3440 inda-

193 3487 377 3571 gatio
403 3486 580 3550 multo
606 3484 873 3576 indigeat
895 3486 1255 3567 assiduoque
1278 3485 1507 3562 labore,
1532 3502 1825 3568 quumque
1846 3492 1981 3565 post
2003 3484 2367 3548 Harduinum

192 3605 271 3662 et
320 3597 647 3660 Fabricium
691 3597 984 3658 neminem
1043 3595 1171 3657 fere
1218 3593 1354 3656 huic
1397 3595 1486 3655 rei
1527 3592 1768 3674 operam
1812 3610 2069 3655 navasse
2112 3601 2364 3658 constet.

197 3707 562 3773 UnIversam
592 3704 770 3789 igitur
796 3703 872 3767 de
901 3701 1239 3766 auctoribus
1266 3719 1302 3764 a
1323 3700 1507 3763 Plinio
1534 3702 1679 3782 ipsis
1699 3699 1949 3764 laudatis
1996 3701 2365 3784 disquisitio-

249 4074 380 4148 172)
418 4072 500 4127 cf.
544 4072 671 4128 run.
711 4073 775 4138 X,
808 4075 875 4126 2:
919 4074 1155 4128 Manilius
1191 4074 1382 4141 primus
1419 4074 1573 4139 atque
1608 4066 2028 4138 diligentissimus
2061 4075 2365 4137 togatorum,

340 4174 345 4180 '
412 4177 618 4222 senator
651 4167 744 4221 illc
777 4170 1007 4221 maximis
1041 4167 1229 4219 nobilis
1267 4167 1510 4219 doctrinis
1547 4164 1756 4216 doctore
1796 4160 1957 4213 nullo.

249 4268 380 4339 173)
415 4265 718 4329 Umbricius,
757 4264 937 4333 inquit,
975 4264 1264 4330 aruspicum
1299 4263 1353 4315 in
1389 4267 1564 4315 nestro
1603 4272 1735 4314 aevo
1770 4259 2124 4328 peritissimus.
