2809 4792
1061 360 1542 443 ...15-

230 555 523 627 mntuatus
588 566 729 613 esse
782 547 1020 615 videtur
1049 598 1068 625 ‚
1133 551 1229 630 qui
1290 569 1425 613 eam
1487 552 1613 614 iure
1675 549 2089 616 secundariam
2150 551 2389 628 habuit,

224 656 439 736 quippe
481 673 635 735 quae
677 672 795 721 non
844 661 1110 719 naturam
1156 657 1493 719 animalium
1546 658 1729 738 ipsam
1776 663 2163 745 corporisque
2210 661 2390 725 habi-

200 771 347 826 .tum
396 783 471 827 ac
516 765 1031 844 temperationem,
1094 764 1203 829 sed
1267 783 1391 827 rem
1456 766 1749 828 fortuitam
1796 774 1972 849 astque
2016 762 2388 835 arbitrariam

222 879 475 953 spectet.
560 872 737 935 Multo
786 876 1109 954 supientius
1152 881 1327 954 atque
1371 874 1641 936 subtilius
1685 877 1980 938 interioris
2010 879 2389 941 animantium

228 988 480 1045 naturae
524 987 582 1041 et
631 979 1125 1049 conformationis
1182 982 1472 1045 rationem
1521 979 1748 1045 habens
1786 982 2142 1046 Aristoteles
2189 986 2390 1046 omnia

222 1090 500 1153 animalia
547 1091 605 1152 in
648 1085 876 1167 ἔναιμα
922 1096 981 1150 et
1018 1081 1258 1168 ἄναιμα
1291 1089 1555 1151 distinxit
1581 1095 1706 1167 ⁵⁵„
1750 1110 1921 1172 quam
1953 1091 2388 1157 distinctionem

227 1199 446 1261 Plinius
508 1197 664 1263 haud
730 1198 1108 1276 perspexisse
1173 1198 1265 1257 vel
1324 1215 1443 1258 non
1510 1199 1657 1260 satis
1721 1206 2062 1261 accuratam
2107 1199 2387 1263 habuisse

221 1304 492 1380 videtur,
529 1305 804 1385 quoniam
851 1304 1064 1367 nullum
1111 1304 1328 1369 animal
1374 1307 1667 1386 sanguine
1712 1324 1957 1387 prorsus
2004 1325 2211 1369 carere
2267 1307 2389 1371 dici

220 1414 410 1494 possit
439 1416 545 1489 ⁵⁰).
632 1413 950 1493 vulgarem
1013 1414 1191 1494 igitur
1244 1413 1541 1489 hominum
1591 1415 1970 1478 traditionem
2031 1422 2270 1477 secutus
2302 1418 2388 1494 67)

222 1524 287 1584 id
334 1524 592 1585 maxime
633 1521 944 1602 spectavit,
994 1520 1152 1600 quod
1196 1521 1305 1583 sub
1349 1521 1560 1583 oculos
1593 1521 1810 1585 eadere
1842 1521 2160 1585 videretur.
2209 1522 2396 1604 Equi-

216 1633 358 1695 dem
406 1631 642 1693 minime
687 1647 805 1710 quo
849 1628 986 1691 loco
1031 1629 1304 1691 animalia
1347 1631 1526 1691 vitam
1573 1630 1814 1712 degant,
1859 1632 2023 1710 parvi
2067 1632 2396 1693 aestiman-

214 1740 359 1803 dum
409 1756 546 1801 esse
589 1737 879 1814 arbitror3
949 1743 1028 1814 at,
1082 1755 1252 1817 quum
1300 1738 1413 1799 hac
1459 1755 1526 1800 re
1576 1738 1734 1801 nulla
1779 1738 2113 1801 animalium
2160 1756 2397 1819 cogna-

212 1852 306 1911 tio
353 1846 751 1926 naturalisque
800 1847 1141 1909 coniunctio
1201 1848 1632 1925 constituatur,
1700 1847 1995 1928 multaque
2057 1847 2391 1910 animalium

214 1975 451 2039 genera
498 1963 709 2017 natura
769 1971 1014 2034 prorsus
1059 1953 1297 2015 diversa
1339 1971 1455 2015 una
1500 1972 1682 2034 saepe
1728 1957 1966 2033 vivant,
2035 1955 2391 2019 divisionem

213 2066 557 2128 animalium
604 2064 662 2124 in
707 2062 1045 2138 terrestria,
1112 2062 1386 2144 aquatilia
1435 2069 1497 2124 et
1536 2063 1797 2149 volatilia
1844 2080 1878 2125 a
1921 2064 2171 2127 scientia
2216 2070 2389 2127 natu-

210 2174 329 2238 rali
372 2182 496 2236 arte
543 2180 603 2234 et
648 2173 979 2253 praeceptis
1026 2171 1330 2233 tractanda
1386 2188 1634 2252 prorsus
1700 2171 2027 2235 abhorrere
2087 2172 2383 2235 existimo.

210 2262 369 2347 Hinc
436 2283 650 2345 Plinius
725 2280 998 2343 animalia
1060 2280 1271 2341 similia
1338 2287 1397 2341 et
1455 2288 1712 2362 cognata
1769 2298 1952 2361 saepe
1999 2280 2282 2361 disiungit
2321 2285 2383 2343 et

211 2394 475 2457 diversis
517 2391 668 2455 locis
704 2395 790 2467 ⁸⁸)
834 2396 1083 2468 tractat,
1149 2388 1458 2450 dissimilia
1523 2396 1584 2450 et
1642 2390 1882 2451 nonnisi
1944 2388 2082 2453 loco
2129 2389 2395 2451 coniunae

208 2509 310 2566 cta
355 2518 473 2563 una
521 2498 787 2563 nominat
812 2499 922 2574 ⁵⁹).
1006 2496 1335 2575 Animalia,
1404 2514 1559 2577 quae
1609 2504 1670 2559 et
1711 2498 1772 2561 in
1817 2503 1977 2560 terra
2030 2503 2095 2559 et
2132 2498 2194 2561 in
2236 2515 2390 2579 aqua

424 2789 534 2859 μὲν
568 2782 682 2858 γὰρ
715 2777 852 2848 πεζὰ
909 2780 976 2840 τὰ
1020 2785 1066 2840 δ’
1104 2784 1311 2859 ἔνυδρα
1346 2790 1460 2841 τῶν
1509 2786 1665 2858 ζῴων
1716 2789 1888 2842 ἐστίν.
1968 2784 2049 2837 Cf.
2088 2783 2212 2836 ibid.
2248 2783 2310 2848 1,
2360 2786 2386 2836 1

437 2899 489 2951 p.
525 2884 559 2934 2
636 2880 799 2935 Bokk.

286 2980 382 3047 55)
424 2978 501 3034 Cf.
546 2978 608 3029 H.
646 2978 708 3031 Α.
750 2978 810 3039 1,
846 2976 918 3041 6,
974 2975 1061 3027 ubi
1118 2976 1287 3035 omnia
1340 2973 1582 3026 animalia
1634 2974 1927 3027 dividuntur
1979 2975 2034 3026 iu
2094 2977 2301 3045 ἔναιμα
2336 2980 2393 3024 et

434 3071 684 3144 ἄναιμα,
737 3087 953 3139 quorum
1004 3072 1173 3138 priora
1217 3071 1271 3120 in
1305 3069 1618 3140 τετράποδα
1670 3067 1939 3140 (morona.
1998 3068 2313 3141 τετράποδα
2354 3067 2387 3136 ἢ

439 3168 632 3224 ἄποδα
671 3169 915 3240 ᾠοτόκα,
956 3169 1131 3238 ἰχθῦς,
1172 3160 1241 3219 τὰ
1273 3166 1521 3233 κητώδη,
1561 3166 1845 3232 posteriora
1882 3172 2053 3215 autem
2090 3165 2140 3215 in
2178 3164 2387 3234 ὀστρα-

432 3266 708 3338 κόδερμα,
752 3264 1173 3335 μαλακόδερμα,
1203 3265 1487 3335 μαλάκια,
1533 3263 1756 3335 ἔντομα.
1830 3259 1941 3324 Qua
1976 3260 2229 3312 divisione
2266 3261 2388 3312 Ari-

436 3361 650 3412 stoteles
691 3359 880 3427 ubique
918 3360 1089 3415 utitur.
1185 3357 1263 3410 Cf.
1297 3357 1531 3408 Werberi
1585 3356 1872 3409 dissertatio
1929 3356 1993 3407 de
2042 3357 2232 3407 meritis
2269 3356 2391 3408 Ari-

432 3454 632 3508 stotelis
692 3457 744 3506 in
794 3453 1081 3520 zoologiam
1136 3454 1212 3522 (in
1265 3452 1452 3505 Okenii
1507 3451 1643 3504 lside
1698 3451 1815 3502 anni
1880 3451 2055 3519 1822).
2134 3449 2388 3518 Sprengel

430 3549 843 3618 „Pragmatischo
863 3548 1169 3601 Geschichte
1205 3548 1295 3599 der
1318 3547 1719 3600 Arzneikunde“
1760 3547 1782 3599 1
1824 3563 1874 3614 p.
1898 3546 2002 3600 448
2033 3563 2111 3615 sq.
2141 3544 2243 3616 (ed.
2269 3546 2385 3620 111).

432 3649 556 3714 Spix
590 3645 939 3710 „Geschichte
973 3644 1065 3695 der
1115 3642 1485 3711 zoologischen
1524 3645 1796 3709 Systeme“
1834 3658 1882 3708 p.
1911 3642 1990 3693 17.

294 3743 387 3812 56)
432 3743 509 3794 cf.
546 3741 642 3803 xl,
677 3744 746 3793 2:
823 3741 1134 3807 Sanguinem
1172 3752 1277 3789 non
1328 3753 1444 3789 esse
1484 3737 1561 3788 his
1598 3737 1853 3806 (insectis)
1892 3735 2055 3789 fateor
2078 3773 2093 3799 ‚
2148 3735 2280 3787 sicut
2313 3749 2381 3786 ne

431 3835 979 3911 terrestribus-quidem
1006 3834 1219 3896 cunctis,
1246 3848 1422 3887 verum
1446 3830 1611 3884 simile
1638 3830 1892 3900 quiddam.
1924 3829 2000 3882 Cf.
2035 3829 2122 3894 lx,
2146 3831 2231 3880 44.
2257 3828 2344 3881 45.

295 3935 386 4002 57)
425 3933 502 3985 Cf.
533 3933 638 3984 Cic.
663 3932 728 3983 de
756 3940 855 3981 nat.
898 3929 1129 3993 deor.11‚
1157 3929 1258 3983 60:
1298 3930 1562 3980 vescimur
1588 3925 1765 3977 bestiis
1807 3934 1859 3977 et
1884 3926 2098 3977 terrenis
2137 3931 2188 3975 et
2222 3937 2386 3991 aqua-

436 4029 606 4079 tilibus
650 4036 700 4078 et
734 4025 1044 4082 volatilibus,

301 4122 393 4193 58)
439 4123 516 4174 Cf.
556 4120 690 4182 vm,
726 4121 810 4177 49.
850 4119 938 4184 lx,
979 4121 1059 4170 15.
1106 4117 1239 4179 vlu,
1275 4118 1359 4169 51.
1399 4113 1485 4167 60.
1525 4115 1585 4176 X,
1625 4113 1710 4170 86.
1754 4113 1946 4177 xl‚31.

299 4217 390 4288 59)
432 4215 508 4272 ct
550 4215 684 4277 vlu,
725 4215 804 4266 13.
845 4213 930 4265 33.
973 4211 1059 4266 35.
1095 4212 1176 4264 48.
1213 4211 1298 4264 49.
1334 4211 1420 4261 51.
1462 4206 1546 4263 59.
1581 4206 1666 4260 60.
1709 4207 1828 4260 alia.
