2809 4792
1038 412 1480 482 ...5.-

174 602 426 684 negotio
472 601 848 667 satisfecerit.
934 602 1054 667 Res
1102 603 1331 680 arduas
1358 604 1548 684 inquit
1578 607 1695 681 ¹⁷),
1735 600 1987 666 vetustis
2021 599 2354 663 ¹novitatem

177 707 366 787 dare,
407 714 580 774 novis
624 710 1076 790 auctoritatem,
1124 710 1416 773 obsoletis
1458 710 1752 788 nitorem,
1810 709 2086 772 obscuris
2127 707 2344 783 lucem,

174 817 456 881 fastiditis
502 822 781 902 gratiam,
824 819 1018 883 dubiis
1065 819 1264 899 tidem,
1305 822 1584 883 omnibus
1623 835 1771 883 vero
1810 825 2104 896 naturam,
2149 822 2207 879 et
2235 830 2354 876 na-

170 930 342 988 turae
374 945 523 989 suae
553 931 770 991 omnia.
832 926 1038 1009 ltaque
1077 929 1256 993 etiam
1302 947 1430 995 non
1473 929 1768 992 assecutis
1805 925 2071 990 voluisse
2113 922 2351 986 abunde

170 1034 503 1119 pulchrum·
536 1042 714 1117 atque
755 1037 1132 1119 magnificum
1176 1046 1285 1102 est.
1370 1037 1764 1101 Nihilominus
1810 1043 1884 1098 et.
1914 1036 2068 1116 apud
2115 1039 2355 1095 veteres

170 1150 233 1206 et
277 1143 434 1223 apud
478 1147 851 1209 recentiores
896 1147 1209 1211 multorum
1236 1154 1296 1210 et
1316 1146 1805 1210 doctissimorum
1831 1145 2096 1207 virorum
2117 1141 2353 1203 laudem

169 1258 230 1313 et
284 1252 555 1332 plausum
597 1255 789 1316 tulit.-
826 1254 960 1334 lpse
999 1254 1279 1318 Claudius
1317 1255 1645 1318 Salmasius
1678 1257 1778 1328 ¹⁸),
1824 1266 2073 1314 severus
2105 1257 2354 1312 oetero—

171 1362 319 1441 quin
362 1379 633 1425 errorum
676 1360 1071 1427 Plinianorum
1122 1380 1365 1439 censor,
1453 1363 1669 1443 Operis
1717 1360 1921 1440 ipsius,
1959 1359 2080 1436 ait,
2123 1373 2356 1419 conce·-

172 1469 302 1548 ptio
343 1484 418 1530 ac
461 1468 859 1531 conformatio
905 1469 1339 1551 dispositioque
1379 1476 1527 1549 tota,
1569 1469 1818 1550 grandis
1865 1476 1927 1531 et
1969 1468 2213 1548 capacis
2253 1467 2354 1528 in·-

174 1576 343 1658 genii
388 1593 558 1656 opus,
643 1576 833 1657 quue
889 1595 966 1640 eo
1029 1578 1317 1660 grandius
1370 1585 1433 1640 et
1491 1579 1967 1661 magnificentius
2023 1574 2356 1651 existimari

172 1703 282 1766 par
326 1692 462 1763 est,
523 1683 683 1766 quod
727 1701 905 1747 nemo
945 1702 1199 1766 unquam
1246 1704 1327 1748 ex
1365 1688 1527 1749 omni
1573 1704 1730 1750 aevo
1775 1692 2015 1767 praeter
2058 1702 2191 1747 eum
2244 1700 2352 1745 re·-

173 1799 379 1874 pertus
423 1793 542 1870 sit,
608 1811 685 1854 ne
731 1793 885 1873 apud
926 1794 1261 1857 Graeculos
1299 1795 1537 1876 quidem
1580 1795 1715 1858 illos
1757 1795 2044 1875 loquaces
2088 1799 2148 1855 et
2191 1793 2356 1853 otio-

177 1919 306 1974 sos,
357 1903 458 1981 qui
502 1903 842 1966 universam
884 1901 1211 1964 naturalem
1257 1902 1566 1965 historiam
1611 1903 1792 1965 unius
1830 1901 2057 1963 laboris
2101 1906 2163 1960 et
2201 1910 2358 1979 ope-
2432 1934 2440 1941 ·

173 2008 259 2069 ris
308 2014 691 2070 monumento
748 2010 1138 2090 consignarit.
1225 2008 1549 2071 Maioribus
1588 2009 1769 2072 etiam
1809 2008 2080 2070 laudibus
2106 2006 2364 2070 abutitur

176 2115 379 2181 Gallus
406 2115 714 2179 Buffonius
749 2119 854 2194 ¹⁹),
892 2117 1106 2180 nimius
1147 2119 1329 2179 totius
1376 2119 1669 2179 scientiae
1714 2116 1999 2181 naturalis
2043 2114 2218 2197 apud·
2244 2128 2357 2177 ve-

174 2229 335 2286 teres
378 2224 781 2305 praedicator.
865 2224 1046 2287 Multo
1092 2225 1361 2297 subtilius
1399 2225 1675 2306 profecto
1717 2232 1777 2288 et
1818 2224 2155 2288 accuratius
2194 2221 2358 2285 iudi-

172 2334 335 2395 cavit
371 2331 537 2395 Baco
565 2331 935 2396 Verulamius
960 2336 1071 2410 ²⁰).
1153 2333 1400 2411 Natura,
1443 2335 1649 2413 inquit,
1697 2334 1899 2396 omnia
1939 2333 2117 2414 regit.
2188 2329 2351 2408 Sub-

180 2442 537 2507 ordinantur
578 2448 772 2503 autem
815 2440 911 2503 illa
955 2442 1089 2521 tria,
1135 2459 1348 2505 cursus
1389 2449 1660 2523 naturae,
1706 2441 2059 2523 exspatiatio
2104 2443 2355 2502 naturae

177 2558 236 2614 et
274 2569 398 2630 ατε,
442 2551 572 2613 sive
613 2550 849 2613 additus
896 2550 1077 2612 rebus
1120 2551 1324 2613 homo.
1410 2549 1585 2626 Quod
1630 2552 1806 2613 etiam
1853 2550 1917 2613 C.
1950 2548 2169 2612 Plinius
2212 2564 2349 2609 nn-

181 2677 300 2741 gna
349 2677 428 2720 ex
471 2665 640 2739 parte
690 2658 871 2735 fecit,
918 2659 1015 2738 qui
1062 2657 1371 2721 historiam
1413 2658 1742 2721 naturalem
1785 2656 1949 2720 solus
1994 2674 2104 2738 pro
2148 2654 2355 2738 digu-

177 2746 317 2832 tate'
356 2769 708 2848 ‚complexus
767 2774 900 2846 est3
962 2768 1073 2831 sed
1131 2768 1501 2849 complexam
1543 2769 1788 2830 minime
1827 2773 1893 2829 ut
1938 2766 2181 2843 decuit,
2239 2761 2352 2827 aad

255 2970 316 3021 17
381 2968 450 3019 ib.
497 2970 576 3021 15.

251 2974 344 3132 18))
376 3062 444 3114 Cf
494 3061 693 3115 Claudii
718 3062 951 3115 salmasii
990 3062 1232 3113 iudicium
1257 3062 1321 3113 de
1343 3062 1508 3113 Plinio
1543 3059 1596 3112 in
1633 3059 2082 3115 exercitationibus
2103 3057 2350 3111 Plinianis

382 3173 430 3223 p.
475 3156 539 3207 18
575 3173 635 3224 sq
691 3157 771 3208 ed.
808 3157 1023 3210 Traiect.
1068 3158 1130 3209 ad
1171 3157 1265 3209 Rh.
1311 3157 1465 3210 1689.

244 3250 329 3318 19)
366 3250 589 3301 Histoire
625 3248 878 3300 natm-elle
913 3250 966 3307 T.
1007 3254 1047 3303 1.
1092 3266 1142 3317 p.
1174 3252 1239 3301 41
1279 3268 1354 3319 sq.
1395 3251 1499 3322 (ed.
1538 3252 1679 3303 Paris
1724 3250 1914 3324 1749):
1965 3250 2112 3302 Ptine
2164 3264 2195 3299 a
2230 3256 2341 3299 tra-

362 3345 517 3396 vaille
552 3362 639 3395 sur
675 3362 742 3395 un
781 3344 900 3411 plan
942 3344 1061 3396 bien
1102 3345 1216 3413 plus
1253 3345 1415 3413 grand
1453 3354 1504 3398 et
1540 3348 1833 3414 peut-etro
1870 3353 1982 3413 trop
2020 3353 2196 3408 vaste,
2232 3343 2270 3394 il
2308 3358 2340 3393 a

364 3440 523 3491 voulu
582 3447 689 3490 tout
728 3440 1049 3504 embrasser,
1099 3447 1149 3490 et
1197 3440 1235 3491 il
1286 3440 1484 3493 semble
1532 3442 1679 3493 avoir
1726 3444 1929 3493 meam-e
1969 3439 2018 3491 la
2064 3447 2247 3491 nature
2285 3445 2339 3489 et

364 3536 546 3587 l’avoir
601 3537 780 3586 trouve
834 3543 947 3601 trop
996 3536 1157 3601 petite
1212 3551 1401 3588 encore
1448 3552 1578 3604 pour
1616 3535 1842 3589 l'etendu
1892 3534 1958 3587 de
2007 3549 2104 3586 son
2153 3534 2331 3600 &aptit

364 3628 510 3680 Adde
540 3626 596 3677 G.
624 3625 1042 3679 H.Schubertuni
1078 3627 1419 3694 „Geschichte
1456 3630 1548 3681 der
1579 3629 1767 3683 Natat*
1804 3630 1827 3682 1
1880 3646 1930 3696 p.
1967 3629 2037 3681 29
2071 3627 2176 3698 (ed.
2213 3627 2334 3698 11.):

365 3725 518 3777 Seine
555 3722 669 3792 (des
710 3722 929 3793 Plinius)
978 3721 1045 3774 37
1084 3721 1289 3774 Bucher
1323 3723 1417 3775 der
1453 3724 1911 3794 Naturgeschichte
1948 3722 2213 3776 euthalten
2248 3726 2335 3776 die

367 3818 954 3870 schatzenswerthesten
991 3817 1228 3889 (ohwohl
1267 3819 1429 3872 ofters
1466 3829 1628 3872 etwas
1663 3820 1789 3887 eilig
1827 3821 2155 3893 gemachten)
2194 3826 2335 3875 Ans·-

367 3918 500 3978 zfige
535 3912 636 3961 und
673 3910 1065 3979 hlittbeilungen
1104 3927 1196 3963 aus
1233 3912 1332 3963 den
1387 3921 1701 3980 gesammten
1723 3948 1739 3976 ‚
1790 3911 1983 3965 damals
2039 3914 2332 3967 bekannten

367 4002 596 4054 Werken
635 4004 735 4055 und
767 4003 1134 4071 Forschungeu
1169 4007 1260 4056 des
1296 4005 1609 4057 Alterthums
1662 4006 1790 4058 iiber
1835 4008 1960 4072 jene
1995 4009 2196 4077 Region
2240 4008 2331 4061 dor

367 4097 758 4151 Wissenschaft.
830 4098 1053 4150 Freilich
1090 4100 1221 4151 wird
1262 4100 1343 4151 bei
1386 4099 1581 4152 Plinius
1622 4101 1764 4152 nicht
1799 4102 1974 4179 selterg
2000 4103 2091 4154 der
2126 4102 2336 4171 Mangel

371 4209 433 4244 an
471 4197 683 4261 eigener
723 4193 1069 4262 Anscliauung
1106 4195 1208 4247 und
1250 4192 1616 4264 Beobachtung
1653 4195 1873 4248 fuhlbar.

238 4287 324 4361 20)
362 4290 423 4340 de
461 4306 622 4357 augm.
669 4290 994 4341 scientiarum
1035 4290 1101 4354 11,
1137 4291 1184 4341 2.
