2809 4792
1099 422 1194 439 ...
1299 342 1588 457 ξιξ-γ’...

258 566 404 632 sc'es
448 570 659 633 iterum
720 582 1041 635 recurrens
1090 586 1144 633 c.
1186 568 1311 649 70,
1388 572 1597 641 hams·
1661 571 1992 637 belluarum
2034 576 2301 640 mci-thus
2341 585 2441 642 at-

270 692 384 759 que
437 684 647 748 natura
671 680 1295 759 expositis‚-nonnulla
1338 679 1415 743 de
1457 682 1553 760 iis,
1598 698 1751 765 quae
1792 682 2017 747 siliceis
2053 686 2225 747 testis
2269 686 2443 751 claus-

271 784 524 864 duntur‚
582 785 777 866 deque
837 786 1085 868 reliquis
1150 788 1506 851 animalibus
1564 791 1811 852 marinis
1871 790 2076 855 adiicit
2132 811 2186 856 c.
2228 794 2302 857 71
2351 800 2446 876 sq.

265 896 417 958 lude
459 885 648 976 usque
692 895 771 958 ad
809 894 987 957 finem
1036 894 1168 959 libri
1195 882 1319 958 ‘res
1365 903 1488 959 tum
1534 897 2027 980 physiologicas,
2090 907 2209 964 tum
2256 902 2447 966 mira-

248 1004 442 1083 biles,
483 1006 684 1084 vitam,
708 1005 1187 1086 generationem,
1217 1011 1520 1086 capturam
1561 1012 1625 1069 et
1665 1006 1780 1069 alia
1821 1008 1998 1071 huius
2019 1011 2268 1091 generis
2293 1024 2443 1093 spei·-

267 1118 524 1191 ttantes,
567 1128 736 1175 more
778 1096 889 1175 su‘o
928 1117 1271 1193 pertractat.
2407 1162 2414 1173 .

386 1220 655 1283 Veteres·
681 1218 980 1302 aquatilia,
1020 1222 1341 1301 praecipue
1373 1237 1521 1285 vero
1553 1222 1754 1302 pisces
1797 1222 2114 1287 fluviatiles
2155 1230 2232 1287 et.
2255 1223 2445 1289 mui-

261 1348 400 1407 nos,
449 1330 604 1393 adeo
651 1330 712 1392 in
760 1328 996 1392 deliciis
1038 1326 1445 1407 habehaatw)
1499 1336 1785 1411 tantoque
1826 1340 2033 1396 amore
2077 1333 2444 1414 complecte-

252 1441 498 1517 bantur,
534 1446 601 1501 ut
643 1452 763 1501 non
809 1437 998 1501 solum
1044 1438 1274 1520 physici
1316 1446 1378 1500 et
1419 1438 1660 1516 medici,
1700 1439 1810 1503 sed
1849 1440 2288 1524 etiam'pcetae
2323 1452 2447 1503 'eo-

230 1556 389 1610 rum
435 1554 679 1610 naturas
718 1553 787 1608 et
825 1562 1025 1608 mores
1072 1544 1417 1628 diligentius
1452 1553 1860 1613 scrutarentur
1900 1548 2440 1613 etdescriberent.

232 1657 530 1731 Quorum
573 1655 1029 1736 desei-ipticncs,
1075 1656 1345 1736 quamvis
1387 1673 1636 1718 mancas
1675 1661 1742 1718 et
1775 1656 2060 1734 incertas,
2096 1656 2441 1740 plerumque

258 1765 545 1828 immixtis
605 1763 821 1826 fabulis
886 1770 948 1826 et
987 1765 1505 1845 superstitionibus
1568 1764 1921 1845 depravatas
1955 1775 1961 1783 ’
1990 1771 2052 1828 et
2114 1766 2446 1846 confusam

256 1891 384 1935 non
436 1874 517 1944 ita
563 1878 761 1935 tamen
806 1868 1178 1952 spernendas
1218 1889 1356 1933 esse
1395 1873 1654 1952 opinor,
1701 1878 1766 1934 ut
1804 1871 1947 1935 nihil
1991 1872 2067 1936 ad
2111 1873 2446 1956 augendam

228 1976 414 2045 banc
461 1982 772 2044 scientiam
820 1980 1198 2044 contulerint.
1288 1981 1426 2043 Mihi
1469 1981 1707 2061 quidem
1751 1983 1813 2043 in
1856 1981 1972 2045 hac
2016 1983 2301 2045 naturalis
2344 1983 2442 2047 hi.

253 2092 487 2155 stortae
530 2098 697 2172 parte
727 2089 1159 2171 diligentioreS‚
1204 2107 1376 2169 quam
1423 2090 1481 2151 in
1520 2090 1739 2153 ceteris
1780 2095 2047 2153 naturam
2091 2092 2277 2171 ipsam
2324 2092 2440 2155 ob-

255 2216 541 2263 servasse
585 2199 917 2278 multasque
960 2200 1200 2261 notitias
1256 2199 1499 2261 minime
1554 2198 1723 2278 parvi
1783 2199 2184 2261 aestimandas
2225 2199 2439 2262 litteris

252 2308 576 2373 mandasse
620 2307 913 2369 videntur.
992 2307 1304 2371 Poetarum
1349 2306 1587 2387 quidem
1631 2306 2045 2393 auctoritatem
2091 2305 2185 2368 his
2231 2307 2291 2368 in
2333 2325 2439 2369 re-

255 2420 369 2481 bus
415 2415 460 2478 1.
508 2416 576 2478 G.
615 2415 969 2489 Schneider,
1015 2416 1107 2477 vir
1152 2416 1555 2491 doctissimus,
1604 2413 1761 2477 haud
1807 2416 2010 2499 magni
2055 2416 2220 2489 fecit,
2261 2433 2441 2495 quum

251 2525 414 2587 dicat
462 2527 585 2598 (θὴς
666 2525 757 2587 De
812 2541 1041 2604 genere
1086 2530 1146 2584 et
1197 2525 1401 2604 specie
1464 2525 1747 2604 piscium,
1809 2531 1991 2605 atque
2054 2526 2297 2589 omnino
2359 2525 2437 2588 de

246 2633 564 2712 disciplina
630 2612 1080 2713 ichthyologica
1151 2632 1477 2694 auctoritas
1547 2639 1856 2713 poetarum
1932 2633 2062 2695 fere
2134 2633 2435 2712 omnium,

251 2742 433 2802 etiam
479 2757 721 2817 eorum,
781 2741 879 2819 qui
942 2739 1019 2801 de
1059 2740 1218 2801 victu
1264 2744 1326 2800 et
1368 2739 1665 2801 medicina
1721 2756 1799 2802 ex
1854 2741 2118 2821 piscibus
2165 2739 2441 2803 tradide-

256 2855 415 2928 runt,
461 2848 619 2910 nulla
663 2855 787 2924 est,
847 2854 910 2909 ut
955 2848 1146 2910 cuivis
1191 2864 1454 2927 poeseos
1500 2855 1767 2911 naturam
1808 2850 2236 2930 scribendique
2282 2866 2440 2912 con-

254 2958 450 3020 silium
489 2953 879 3038 perpendenti
925 2955 1100 3018 facile
1143 2957 1468 3036 apparebit.
1556 2956 1650 3018 Ad
1709 2957 1826 3020 hoc
1878 2976 2071 3039 genus
2126 2955 2435 3019 referendi

250 3073 389 3128 sunt
427 3065 816 3145 Epicharmus
843 3065 933 3141 9⁶)
979 3071 1040 3125 et
1080 3064 1497 3144 EmpedocleS,
1538 3064 1742 3141 Siculi,
1780 3062 2226 3144 ArchestratuS‚
2271 3064 2438 3127 Mar·-

250 3175 437 3237 cellus
479 3175 714 3238 Sidetes
763 3180 823 3235 et
866 3172 985 3237 alii.

322 3489 414 3560 94)
460 3485 745 3542 Schneider
800 3485 856 3536 in
911 3484 1222 3552 epimetrol
1282 3486 1345 3537 ad
1399 3487 1557 3539 Arist.
1612 3487 1677 3538 (le
1715 3485 2018 3540 animalibus
2081 3485 2242 3553 12:49
2278 3484 2434 3539 dicit:

447 3584 614 3636 Primo
637 3583 794 3650 igitur
825 3583 942 3633 loco
978 3581 1484 3633 animadvertendum
1522 3590 1618 3647 est,
1658 3583 1880 3635 Graecos
1917 3581 2178 3633 homiuum
2206 3583 2435 3639 omnium

450 3677 954 3750 ὀψοφαγιστάτους
989 3685 1041 3728 et
1079 3679 1299 3728 maxime
1344 3679 1561 3744 piscium
1613 3694 1702 3731 esu
1760 3678 2042 3729 delectatos
2078 3678 2271 3749 fuisse,
2322 3679 2433 3731 sal-

451 3782 556 3825 tem
591 3782 708 3840 post
747 3773 954 3825 heroica
1016 3781 1068 3824 et
1107 3773 1375 3825 Homerica
1415 3781 1662 3839 tempora.
1734 3772 1985 3824 Homerus
2042 3754 2175 3826 enim
2218 3774 2430 3827 herou-

445 3869 588 3919 cenis
626 3878 677 3921 et
713 3867 880 3935 epulis
918 3882 1167 3935 nusquam
1204 3869 1374 3935 pisces
1402 3868 1696 3918 adhibuisse
1722 3869 1991 3934 reperitur.

317 3973 410 4041 95)
448 3973 671 4024 Historia
706 3973 923 4039 piscium
962 3970 1207 4023 naturalis
1248 3981 1299 4023 et
1333 3972 1579 4023 litteraria
1620 3969 1781 4038 (Lips.
1829 3971 1986 4043 1789)
2031 3988 2082 4039 p.
2120 3972 2240 4024 227.

320 4077 410 4146 96)
447 4074 779 4141 Epicharmus
796 4072 1019 4139 SiculuS,
1047 4075 1426 4128 comoediarum
1448 4075 1666 4141 scriptor
1697 4073 1787 4145 (cf.
1808 4075 2098 4142 Epicharmi
2142 4076 2428 4141 hag-,incutit

466 4170 681 4236 collegit
718 4170 777 4226 n,
826 4168 878 4221 P.
936 4169 1230 4222 Kroeem‘an.
1283 4167 1525 4221 Welcker
1563 4171 1615 4220 in
1654 4170 1978 4237 „Zeitschrift
2016 4170 2097 4222 fiir
2132 4170 2215 4219 die
2252 4167 2427 4220 Alter-

453 4262 1017 4316 thumswisseuschaft“
1054 4266 1195 4320 1835
1237 4281 1284 4332 p.
1332 4263 1465 4317 1123
1483 4274 1606 4333 sq.)‚
1644 4273 1875 4318 naturam
1913 4265 2132 4332 piscium
2167 4262 2298 4312 bene
2336 4277 2431 4312 co—
