2809 4792
1027 406 1514 473 ...17-

204 580 328 655 alio
386 592 523 655 loco
585 592 746 656 idem
797 593 1013 656 animal
1054 595 1262 657 Latino
1324 595 1566 659 nomine
1618 601 1893 674 tanquam
1949 592 2249 656 diversum
2303 592 2381 656 ab

190 701 298 765 illo
330 699 566 765 Graece
613 702 939 765 nominato=
964 703 1287 786 descripsit
1306 705 1416 785 ⁶⁸).

364 809 462 872 Ab
508 810 847 891 elephanto,
874 815 1286 891 ·terrestrium,
1333 821 1398 875 ut
1441 804 1625 894 i'psius
1668 810 1870 874 verbis
1909 818 2082 888 utar,
2120 810 2379 873 maximo

198 923 265 978 et
306 916 582 980 humanis
623 920 905 982 sensibus
943 923 1239 1001 proximo,
1281 922 1521 1002 incipit,
1565 921 1733 984 cuius
1777 919 2028 983 historia
2077 918 2383 1000 copiosius

192 1032 477 1088 enarrata
540 1029 624 1108 (c.
678 1026 946 1105 1--123
993 1027 1319 1091 fabulosam
1367 1030 1502 1091 eius
1543 1045 1676 1090 cum
1720 1027 2081 1091 draconibus
2123 1040 2380 1108 pugnam

191 1134 417 1213 tradit,
480 1135 640 1197 unde
687 1136 764 1197 ad
815 1142 1130 1218 serpentes
1173 1135 1413 1199 Indicas
1454 1135 1785 1215 delabitur,
1861 1153 2106 1217 quarum
2166 1141 2378 1197 natura

199 1243 474 1305 breviter
520 1246 841 1324 exposita,
917 1244 1061 1307 inde
1099 1262 1135 1306 a
1180 1262 1235 1307 c.
1290 1246 1366 1307 14
1412 1243 1492 1306 ad
1534 1245 1953 1326 quadrupedes
1994 1244 2278 1325 Scythiae
2325 1250 2388 1306 et

205 1357 499 1415 terrarum
544 1355 1095 1434 septentrionalium
1141 1356 1483 1418 revertitur.
1572 1355 1797 1429 Quibus
1839 1354 2103 1417 breviter
2148 1353 2385 1417 descri-

202 1459 318 1539 ptis
359 1469 449 1535 (c.
506 1460 672 1527 14-
704 1461 811 1538 17)
841 1506 860 1539 ,
921 1462 1149 1542 reliqua
1194 1462 1582 1543 quadrupeda
1636 1461 1817 1524 modo
1857 1462 2144 1540 uberius,
2205 1462 2386 1524 modo

201 1568 467 1630 strictius
511 1571 887 1649 persequitur
928 1585 1119 1649 usque
1159 1568 1235 1639 ad
1279 1586 1333 1631 c.
1376 1568 1500 1646 33,
1561 1585 1679 1650 quo
1722 1568 1862 1631 loeo
1909 1569 2140 1632 bestiae
2185 1570 2391 1632 cuius-

203 1677 341 1739 dam
406 1676 719 1740 fabulosae
772 1678 906 1741 visu
958 1678 1368 1742 interficientis
1451 1680 1753 1741 mentione
1809 1677 1989 1755 facta,
2042 1678 2242 1741 subito
2307 1676 2386 1740 ad

195 1786 525 1849 basiliscos
566 1790 930 1865 serpentes,
977 1783 1189 1846 eadem
1235 1791 1452 1847 natura.
1493 1783 1819 1865 praeditos,
1870 1785 2156 1847 defertur.
2241 1783 2393 1849 Hinc

204 1897 284 1958 ad
327 1893 744 1975 quadrupedes
786 1909 1069 1954 reversus
1118 1910 1172 1954 c.
1221 1891 1302 1955 34
1358 1891 1628 1974 luporum
1679 1898 1949 1955 naturam
1995 1899 2057 1954 et
2095 1892 2391 1956 mirabilia

207 2010 465 2083 tractat,
512 2000 674 2066 unde
722 2019 774 2063 c.
815 1999 1018 2065 35‘ad
1065 2009 1377 2082 serpentes
1425 2001 1791 2078 revolvitur,
1833 2019 2079 2084 quarum
2125 2003 2387 2066 inimici..

199 2114 284 2174 tia
324 2130 458 2175 cum
499 2110 901 2173 ichneumone
932 2117 1282 2188 memorata,
1326 2109 1401 2172 ad
1444 2110 1601 2173 hanc
1635 2110 1894 2173 'bestiam
1934 2110 2392 2174 describendam

195 2222 415 2283 transit
457 2236 512 2281 c.
533 2217 635 2298 36,
680 2215 776 2280 eui
821 2217 1213 2299 crocodilum,
1265 2220 1390 2299 pari
1436 2218 1617 2282 modo
1667 2219 2049 2282 ichneumoni
2092 2219 2394 2296 infestum,

203 2328 480 2411 adiungit
523 2346 575 2390 c.
608 2327 710 2389 37.
797 2327 949 2388 Hinc
983 2334 1227 2408 propter
1269 2327 1389 2389 loci
1428 2333 1490 2389 et
1529 2334 1779 2390 naturae
1822 2327 2265 2390 similitudinem
2309 2326 2387 2389 ad

198 2439 470 2502 scincum
511 2453 566 2498 c.
615 2436 696 2498 38
753 2437 938 2498 etad
982 2435 1153 2497 aliam
1195 2434 1313 2497 Nili
1352 2434 1648 2513 belluam,
1711 2434 2227 2516 hippopotamum,
2273 2434 2393 2498 du-

210 2549 371 2609 citur
405 2564 459 2609 c.
504 2545 587 2608 39
633 2562 722 2625 sq.
749 2590 767 2622 ,
832 2546 1001 2608 cuius
1040 2553 1250 2608 natura
1294 2545 1547 2607 mirabili
1589 2548 1900 2628 exposita,
1959 2546 2037 2607 de
2078 2545 2395 2608 medicinis

206 2657 285 2718 ab
327 2653 683 2717 animalibus
729 2655 983 2736 repertis
1031 2673 1084 2718 c.
1127 2657 1252 2730 41,
1315 2655 1391 2718 de
1435 2655 1837 2737 prognosticis
1894 2654 2292 2736 periculorum
2335 2670 2393 2716 c.

204 2763 333 2839 42,
379 2761 455 2822 de
505 2760 776 2839 damnis,
833 2778 987 2841 quae
1032 2760 1255 2823 faciant
1292 2761 1613 2842 animalia,
1676 2769 1803 2844 agit
1839 2776 2031 2842 usque
2071 2763 2150 2826 ad
2189 2781 2244 2825 e.
2289 2759 2392 2826 44.

208 2871 484 2949 Denique
543 2869 618 2931 ad
660 2869 885 2951 reliqua
930 2871 1188 2933 serarum
1229 2888 1457 2952 genera
1507 2886 1787 2933 reversus
1832 2872 2113 2933 nonnulla
2156 2873 2393 2934 anima-

212 2979 295 3042 lia
341 2977 512 3040 simul
562 2979 622 3040 in
664 2995 815 3058 aqua
856 2985 921 3039 et
959 2979 1016 3039 in
1061 2985 1218 3039 terra
1260 2979 1440 3039 vitam
1488 2977 1814 3057 degentia,
1885 2977 2141 3057 lutram,
2184 2995 2392 3042 ranam

212 3090 522 3166 rubetam,
564 3088 804 3149 vitulum
849 3089 1173 3161 marinum,
1212 3087 1459 3164 tibrum,
1510 3086 1773 3148 breviter
1812 3088 2135 3163 memorat,
2178 3086 2394 3166 quibus
2459 3168 2478 3176 ε

211 3205 439 3269 temere
481 3197 815 3259 stellionem
859 3194 1057 3275 addit,
1105 3203 1313 3258 natura
1358 3210 1603 3276 prorsus
1649 3195 1967 3258 diversum.
2038 3194 2181 3258 Tum
2228 3212 2282 3256 c.
2312 3193 2394 3256 50

221 3308 297 3368 ad
360 3304 778 3388 quadrupedes
840 3305 1053 3366 iterum
1116 3307 1476 3384 revertitur,
1545 3306 1857 3368 interiecta
1925 3305 2393 3368 chamaeleontis

212 3415 615 3497 descriptione
660 3433 711 3476 c.
758 3416 859 3491 51,
901 3415 1144 3477 omnino
1194 3414 1387 3477 aliena
1437 3417 1511 3477 ab
1556 3414 1672 3476 hoc
1725 3413 1863 3476 loco
1886 3415 2001 3490 ⁶⁶),
2047 3419 2108 3475 et
2152 3413 2227 3473 ad
2275 3412 2393 3474 alia

220 3526 494 3588 animalia
563 3523 826 3586 colorem
880 3524 1162 3584 mutantia
1224 3526 1435 3586 transit
1479 3542 1530 3585 c.
1575 3524 1677 3587 52.
1761 3522 1907 3585 lnde
1948 3519 2393 3601 quadrupedum

289 3713 384 3785 65)
428 3711 565 3775 Vnt,
600 3710 687 3764 30.
729 3709 816 3764 34.
863 3709 947 3763 44.
985 3710 1074 3762 45.
1114 3709 1195 3762 79.
1232 3708 1302 3763 8³
1354 3707 1441 3760 84.
1484 3710 1559 3773 x,
1604 3709 1664 3759 11
1720 3703 1864 3773 (coll.
1908 3702 2107 3768 xvnl,
2152 3703 2264 3770 66).
2305 3702 2394 3767 xl,

426 3807 513 3870 45,
552 3807 776 3872 saepius.
2234 3864 2239 3875 .

303 3900 396 3970 66)
440 3901 605 3964 Quum
644 3900 816 3952 multis
854 3899 1001 3963 locis,
1039 3896 1339 3964 praesertim
1375 3896 1427 3945 in
1466 3893 1645 3956 libris,
1686 3890 1772 3957 qui
1812 3888 1877 3940 de
1915 3889 2103 3955 plantis
2139 3894 2273 3951 sunt,
2312 3898 2395 3936 res

438 3996 763 4064 alphabetico
806 3995 985 4047 ordine
1027 4000 1334 4060 sequantur,
1388 3988 1621 4043 Salmasii
1661 3988 1934 4051 sententia,
1969 3987 2192 4053 priorem
2225 3996 2395 4033 rerum

437 4092 666 4144 ordinem
702 4091 1082 4159 alphabeticum
1117 4090 1297 4151 fuisse,
1332 4102 1438 4137 non
1474 4081 1804 4149 improbanda
1838 4081 1962 4134 mihi
2001 4080 2219 4133 videtur.
2267 4077 2392 4128 Sin-

428 4187 550 4254 gula
589 4188 723 4239 enim
758 4202 928 4239 rerum
953 4186 1138 4252 capitu,
1177 4197 1334 4250 opere
1369 4177 1625 4242 absolute,
1663 4193 1779 4233 eum
1806 4180 1940 4230 inter
1973 4190 2035 4231 se
2063 4170 2390 4227 coniunxisse

428 4280 678 4333 videmus.
754 4282 901 4346 Quod
937 4282 989 4332 in
1027 4280 1162 4331 huuc
1196 4284 1404 4345 quoque
1439 4273 1612 4329 locum
1655 4271 2001 4329 cadere.mibi
2036 4269 2256 4325 videtur.

1964 4378 2004 4421 o

1966 4421 2010 4442 Η
