2809 4792
1119 388 1607 457 ...13-

204 650 211 655 ,
297 581 505 657 storia,
547 579 865 656 medicina,
914 582 1068 642 aliae
1110 580 1461 661 disciplinae
1501 588 1564 644 et
1607 588 1766 644 artes
1809 581 2087 663 phirimas
2129 600 2231 645 res
2276 583 2353 646 ab
2385 599 2464 649 eo

291 692 584 755 scientiae
626 691 878 753 naturali
936 692 1242 753 attributas
1283 693 1394 754 sibi
1439 692 1761 754 vindicent.
1845 692 2144 773 Quidquid
2187 694 2342 754 enim
2382 709 2461 754 ex

292 800 541 880 ingenio
590 799 843 861 hominis
886 799 1216 879 profectum
1263 807 1375 877 est,
1421 801 1705 863 historiae
1745 803 2018 875 naturali,
2056 819 2211 882 quae
2251 802 2310 862 in
2355 820 2462 864 re-

274 910 637 984 ‘censendiffi
685 909 1127 983 describendis,
1178 909 1568 989 disponendis
1609 916 1670 972 et
1713 909 1788 970 ad
1830 909 2123 989 quandam
2166 913 2461 974 rationem

296 1027 361 1080 et
410 1026 592 1082 artem
638 1016 987 1081 ordinandis
1027 1017 1209 1079 rebus
1254 1024 1502 1079 naturae
1550 1024 1843 1093 versatur,
1884 1016 2067 1078 inseri
2111 1017 2334 1096 nequit.

1081 1314 1311 1325 .---.
1324 1312 1660 1323 ——---—.———--

279 1582 411 1647 11.
496 1584 635 1648 De
660 1582 1130 1652 librorum.
1177 1579 1498 1661 quibus
1540 1582 1652 1643 de
1683 1580 2449 1663 animalibusaglt,

407 1701 752 1771 ordine,
795 1698 1402 1778 dispositione.
1450 1697 1787 1761 ambitu
1832 1698 2323 1764 «usserunt.

442 1997 562 2060 lam
607 2005 731 2060 toto
777 1999 1061 2062 naturalis
1104 1998 1391 2061 historiae
1437 1996 1655 2059 ambitu
1699 1997 1961 2059 breviter
2004 1997 2326 2077 descripto,
2372 1997 2448 2060 ed

274 2121 390 2165 eos
420 2150 437 2181 ‚
500 2122 650 2184 quos
695 2106 940 2168 uberius
999 2108 1173 2168 nobis
1217 2105 1564 2168 tractandos
1604 2105 1998 2184 sumpsimu8‚
2057 2106 2285 2183 libros,
2339 2122 2455 2168 nos

269 2221 700 2276 convertentes
747 2233 779 2274 a
819 2216 1073 2294 septimo
1118 2214 1489 2293 incipiamuS,
1534 2230 1650 2293 quo
1696 2213 1845 2274 libro
1893 2213 1970 2274 de
2014 2213 2252 2275 homine
2298 2215 2450 2294 ipso,

270 2322 540 2384 omnium
589 2321 1236 2402 animaliumprincipe
1268 2323 1404 2398 ⁸⁹),
1471 2321 1743 2400 disputat.
1833 2321 2037 2382 Primis
2095 2321 2266 2384 huius
2317 2321 2453 2386 libri

271 2431 573 2509 capitibus
635 2427 1132 2508 anthropologiae
1199 2427 1494 2506 quendam
1556 2420 1938 2506 conspectum
1982 2425 2201 2503 dedit,
2259 2427 2464 2508 multis·

270 2537 630 2600 intermixtis
679 2537 893 2598 fabulis
938 2543 996 2596 et
1037 2536 1497 2599 narratiunculis
1543 2555 1620 2598 ex
1663 2536 1845 2597 vari1s
1887 2536 2262 2614 auctoribuS‚
2316 2537 2457 2617 phi-

270 2646 588 2727 losophiS‚
657 2648 952 2709 annalium
1016 2653 1075 2708 et
1135 2647 1407 2709 itinerum
1464 2645 1887 2725 scriptoribuS‚
1949 2645 2200 2709 medicis
2252 2651 2312 2707 et
2362 2647 2453 2708 sui

281 2746 470 2836 ipsius
516 2755 802 2816 memoria
848 2754 1188 2834 desumptis.
1277 2755 1366 2815 De
1414 2752 1712 2814 hominum
1757 2752 2045 2812 varietate
2089 2756 2148 2810 et
2186 2767 2454 2830 genera..

288 2866 454 2925 tione
502 2873 586 2938 (c.
643 2863 937 2936 1—14)‚
982 2862 1056 2922 de
1107 2862 1473 2922 institutione
1540 2859 1898 2938 dotibusque
1942 2858 2214 2941 corporis
2276 2864 2453 2934 atque

283 2974 467 3033 animi
515 2988 604 3046 (c.
662 2964 971 3043 15-39),
1017 2968 1092 3026 de
1137 2966 1401 3028 secunda
1452 2967 1824 3043 adversaque
1867 2964 2101 3025 fortuna
2153 2974 2244 3038 (c.
2291 2963 2452 3023 40-

279 3081 431 3157 49),
483 3080 556 3140 de
600 3074 884 3139 nascendi
928 3076 1214 3136 varietate
1241 3124 1258 3152 ,
1315 3080 1505 3135 morte
1551 3078 1610 3132 et
1655 3069 1951 3150 sepultura
1996 3081 2082 3143 (c.
2128 3069 2454 3147 oti—56),

289 3190 364 3251 de
407 3189 752 3249 inventione
803 3185 1056 3263 denique
1102 3184 1309 3244 artium
1357 3195 1442 3258 (e.
1488 3178 1767 3256 57-60)
1813 3179 1960 3261 agit,
2006 3178 2085 3240 ita
2129 3185 2193 3240 ut
2230 3184 2455 3241 certum

495 3500 773 3563 coelestia,
810 3499 1044 3551 sublimia
1087 3508 1137 3550 et
1171 3508 1371 3549 terrena
1408 3497 1661 3548 dividitur.
1737 3495 1899 3547 Prima
1942 3509 2058 3560 pars
2102 3501 2328 3543 naturum
2373 3493 2452 3543 si-

487 3598 660 3648 derum
685 3605 935 3647 scrutatur
964 3605 1014 3646 et
1049 3595 1445 3662 magnitudinem
1484 3602 1536 3644 et
1573 3595 1782 3642 formam
1820 3591 2032 3656 ignium,
2070 3588 2253 3655 quibus
2292 3604 2444 3638 mun-

486 3692 579 3742 dus
634 3691 928 3741 includitur.
1020 3690 1254 3742 Secunda
1306 3704 1422 3754 pars
1478 3694 1660 3738 tractat
1710 3686 1843 3735 inter
1898 3681 2097 3733 coelum
2156 3688 2445 3754 terramque

480 3787 755 3837 versantia.
829 3785 997 3836 Tertia
1032 3783 1121 3833 illa
1156 3796 1271 3849 pars
1316 3782 1381 3832 de
1422 3782 1575 3849 agris,
1614 3780 1779 3840 terris,
1819 3776 2053 3839 arbustis,
2098 3780 2219 3829 satis
2246 3781 2447 3846 quaerit

487 3889 538 3930 et
571 3884 649 3949 (ut
686 3882 904 3930 lotorum
944 3878 1102 3928 verbo
1138 3880 1271 3945 utar)
1309 3877 1372 3926 de
1412 3876 1661 3935 omnibus,
1697 3887 1829 3939 quae
1865 3871 1979 3923 solo
2015 3875 2351 3925 continentur.

352 3975 448 4044 49)
486 3975 595 4038 vn,
644 3980 700 4025 1:
752 3976 1058 4041 Principium
1106 3975 1215 4024 iure
1266 3973 1516 4023 tribuetur
1567 3968 1784 4031 homini,
1841 3969 1985 4019 cuius
2037 3983 2194 4019 eausa
2239 3967 2441 4020 videtur

493 4078 674 4120 cuncta
714 4069 813 4120 alia
850 4071 1093 4137 genuisse
1126 4076 1338 4131 natura,
1393 4078 1575 4131 magna
1613 4078 1770 4113 saeva
1816 4062 2054 4114 mercede
2089 4070 2260 4112 contra
2301 4071 2442 4113 tanta

482 4180 573 4215 sua
610 4178 834 4227 munera,
877 4179 977 4214 non
1016 4164 1081 4213 sit
1117 4172 1172 4212 ut
1211 4164 1332 4213 satis
1374 4161 1658 4222 aestimare,
1694 4174 1880 4225 parens
1916 4156 2098 4231 melior
2137 4156 2343 4218 homini,
2372 4172 2440 4208 an

487 4260 679 4309 tristior
716 4270 947 4310 noverea·
979 4259 1148 4308 fuerit.
1225 4257 1302 4309 Cl’.
1347 4254 1459 4318 vn,
1497 4255 1547 4306 5‘.
1589 4252 1712 4305 41.·
1791 4276 1800 4283 ·
