2809 4792
1037 394 1609 495 *19--'

204 571 389 649 stunt,
433 575 534 635 aut
552 572 1031 659 amplificatione
1070 585 1161 645 et
1174 584 1531 655 confusione
1578 606 1655 655 ex
1699 592 1857 679 veris
1899 596 2252 687 animalibus
2302 606 2381 671 ita

205 683 426 761 mutatu
476 686 647 758 suut,
698 688 765 744 ut
805 685 907 753 vix
950 688 1236 767 explicari
1280 701 1497 775 queat,
1544 697 1839 777 quodnam
1885 707 2099 769 animal
2147 709 2384 781 fabulae

205 786 539 867 originem
551 787 803 867 dederit,
842 792 1023 871 hodie
1064 803 1424 887 constat⁷··).
1510 803 1783 897 Viatores
1827 813 1982 897 enim
2024 833 2130 911 res
2164 837 2242 881 ex
2284 824 2385 884 in-

198 893 553 981 digenarum
588 898 915 980 traditione
955 917 1388 997 saepenumero
1440 920 1743 995 acceptaS,
1791 917 1995 995 mirum
2042 922 2100 982 in
2131 894 2381 992 modum

197 1001 606 1083 amplificatas,
653 1006 749 1071 vel
793 1008 968 1071 etiam
999 1010 1152 1099 male
1168 1012 1550 1105 intellectas,
1596 1021 1793 1093 obiter
1836 1026 2015 1105 visaS,
2059 1031 2190 1092 aliis
2231 1034 2379 1098 alias

180 1110 491 1195 ,confusas
534 1118 718 1194 atque
761 1115 977 1185 mixtas
1039 1090 1371 1189 credulitati
1435 1125 1798 1225 auditorum
1836 1118 2206 1229 curiosorum
2272 1160 2382 1222 pro

198 1219 363 1283 veris
411 1220 766 1303 animalibus
814 1206 1221 1306 venditabant,
1267 1249 1689 1327 nonnunquam
1732 1241 1938 1325 studio
1973 1242 2235 1310 fallendi
2251 1249 2382 1313 du·-

208 1327 325 1401 cti,
381 1328 733 1417 saepissime
783 1347 929 1393 vero
990 1334 1101 1417 ipsi
1162 1320 1420 1425 decepti
1434 1345 1535 1419 ⁷1).
1627 1320 1822 1421 Quod
1863 1338 2102 1433 quidem
2144 1356 2380 1423 Ctesiae

208 1433 512 1501 accidisse
556 1416 1040 1503 verisimillimum
1086 1448 1196 1519 est,
1241 1462 1337 1525 qui
1361 1447 1669 1517 Persarum
1691 1457 2046 1541 mendaciis
2078 1463 2381 1550 deceptus,

174 1559 400 1623 ‚rerum
459 1560 762 1615 sacrarum
812 1565 1167 1641 morumque
1204 1555 1556 1637 populorum
1622 1554 2012 1661 orientalium
2049 1572 2377 1654 imperituS,

194 1648 378 1713 nimis
425 1650 668 1715 credule
710 1662 978 1731 monstra
1023 1657 1305 1739 mythice,
1353 1679 1603 1755 quorum
1646 1667 1938 1755 imagines
1982 1685 2378 1775 censpexisse

194 1742 571 1841 videtui-⁷²),
604 1759 695 1820 vel
733 1763 1005 1826 animalia
1038 1766 1344 1839 interioris
1361 1774 1547 1843 Asiae
1592 1775 1862 1865 fabulosa
1903 1802 2013 1879 pro
2062 1791 2221 1890 veris
2260 1793 2377 1857 ha-

142 1866 323 1957 3buit
366 1867 695 1947 litterisque
742 1871 1001 1933 mandat.

367 1975 551 2049 Quum
594 1977 815 2045 Plinius
875 1986 1031 2045 totus
1093 1981 1167 2042 ab
1220 1944 1352 2051 aliis
1397 1989 1735 2073 penderet,
1808 1960 2026 2062 accidit
2091 2023 2376 2077 nonnun-

189 2101 410 2164 quam,
472 2091 536 2147 ut
578 2087 788 2147 eadem
835 2089 1136 2168 animalia,
1201 2091 1456 2169 diversis
1517 2101 1856 2177 nominibus
1903 2110 2056 2191 apud
2100 2113 2375 2187 diversos

162 2195 477 2281 ‚auctores
527 2194 770 2273 scripta,
814 2194 1055 2257 diversa
1094 2193 1374 2276 haberet,
1438 2206 1607 2279 cuius
1669 2213 1758 2272 rei
1804 2218 2133 2297 exemplum
2176 2224 2369 2289 habe..

193 2318 326 2371 mus
371 2318 423 2361 c.
474 2300 547 2367 16
585 2347 601 2380 ,
680 2319 796 2385 quo
845 2301 1033 2365 aloem
1078 2310 1136 2365 et
1178 2306 1373 2369 achlin
1419 2311 1655 2379 diversa
1700 2339 1838 2385 esse
1884 2327 2156 2399 animalia
2207 2335 2376 2397 arbi-

192 2414 402 2487 tratur,
451 2410 590 2488 levi,
628 2411 920 2492 suspicor,
963 2415 1294 2493 scripturae
1339 2423 1558 2484 mendo
1604 2424 1905 2508 deceptus,
1965 2436 2138 2515 Apud
2164 2428 2371 2505 lulium

188 2517 628 2597 Caesarem73)
679 2521 837 2583 enim
903 2521 1112 2584 eadem
1175 2524 1302 2586 sere
1370 2527 1448 2588 de
1491 2531 1656 2612 alce,
1725 2537 2081 2605 Germaniae
2128 2555 2373 2629 septen·-

259 2806 348 2877 70,
386 2809 464 2860 Cf.
501 2810 562 2861 Α.
609 2810 665 2862 G.
707 2829 735 2863 a
772 2814 1030 2884 Schlegel
1078 2821 1130 2871 in
1167 2819 1484 2877 bibliotheca
1524 2824 1696 2907 Indica
1735 2831 1759 2884 1
1813 2849 1862 2902 p.
1888 2837 2016 2890 148·
2053 2840 2181 2909 „Die
2214 2843 2363 2899 Grie-

394 2906 525 2957 chen
563 2907 736 2960 hatten
779 2913 895 2963 eine
936 2890 1370 2987 liebenswfirdige
1408 2920 1647 2993 Neigung
1687 2924 1784 2979 den
1832 2931 1906 2982 Iri
1911 2934 2048 2986 thum
2092 2940 2359 2995 aufzufas-

395 3017 507 3066 sen,
547 3018 699 3054 wenn
741 3021 796 3056 er
832 3023 934 3057 von
971 3009 1150 3075 irgend
1193 3015 1335 3064 einer
1383 3018 1524 3068 Seite
1561 3021 1652 3071 der
1691 3018 1937 3078 Eitelkeit
1972 3030 2360 3107 schmeiehelte,

397 3097 500 3148 und
542 3097 733 3150 liessen
770 3099 860 3152 ihn
898 3100 1017 3153 sehr
1048 3120 1242 3173 ungern
1280 3110 1478 3161 wieder
1515 3111 1713 3181 fabren,
1754 3118 1835 3170 die
1867 3123 2149 3178 nuchterne
2169 3116 2361 3185 Wahr-

319 3190 324 3196 “
392 3192 499 3243 heit
535 3193 738 3245 mochte
778 3195 933 3247 ihnen
973 3197 1106 3249 noch
1155 3217 1213 3251 so
1251 3200 1509 3258 bestimmt
1552 3209 1821 3280 dargelegt
1859 3219 2070 3271 worden
2109 3226 2272 3278 sein.“

252 3285 339 3356 71)
383 3282 461 3337 cf.
505 3288 755 3341 Cuverius
799 3292 859 3343 ad
898 3292 1022 3346 Ptin.
1066 3303 1099 3350 t
1128 3296 1192 3347 VI
1228 3314 1280 3365 p.
1305 3300 1449 3354 446:
1508 3304 1635 3369 „Les
1674 3312 1885 3364 anciens
1922 3318 2129 3369 avaient
2166 3337 2356 3376 encore

390 3380 552 3434 moins
595 3383 659 3433 de
696 3384 914 3454 critique
952 3404 1016 3438 en
1066 3389 1278 3443 histoire
1315 3398 1570 3450 naturelle
1618 3403 1700 3470 qu’
1708 3420 1769 3455 en
1809 3405 2023 3465 histoire
2064 3415 2248 3482 civile,
2292 3435 2354 3471 ce

390 3478 475 3544 qui
512 3488 591 3529 est
626 3477 894 3549 beaucoup
936 3482 1062 3534 dire.
1070 3490 1096 3520 0‘
1136 3484 1142 3491 “

253 3568 343 3642 72)
381 3573 463 3624 Sic
509 3575 736 3641 gryphus
771 3574 905 3646 (VII,
943 3581 993 3630 2.
1036 3581 1096 3645 X,
1139 3580 1220 3633 70.
1267 3582 1497 3652 XXXIII,
1524 3591 1615 3661 21)
1654 3600 1705 3642 et
1740 3595 2044 3649 martichora
2080 3604 2235 3670 (vm,
2266 3608 2351 3662 30.

392 3650 483 3740 4'5)
526 3670 764 3721 animalia
800 3674 1023 3738 mythice
1063 3670 1174 3728 site
1226 3676 1546 3749 allegorica,
1597 3700 1810 3754 quorum
1854 3692 2103 3759 imagines
2163 3703 2348 3756 etiam-

390 3778 525 3814 nunc
561 3766 613 3815 in
666 3770 1003 3820 monumentis
1040 3770 1443 3840 Persopolitanis
1481 3789 1697 3837 exstant
1777 3783 1886 3834 vid.
1924 3786 2125 3844 Lebrun
2166 3794 2341 3849 Itiner.

389 3857 577 3911 Persic.
645 3860 744 3912 tab.
783 3861 1006 3915 CXXIV.
1101 3865 1623 3937 CreuzerffSymholik
1660 3874 1682 3925 l
1716 3892 1767 3943 p.
1804 3879 1925 3932 219.
1967 3883 2012 3935 II
2037 3924 2051 3949 ‚
2093 3889 2208 3943 116.
2240 3893 2344 3945 223

386 3953 533 4021 (edit.
569 3957 802 4025 noviss).
873 3958 1110 4037 Hammer
1142 3960 1436 4032 Fundgrub.
1480 3964 1579 4031 vl,
1618 3970 1652 4020 3
1685 3985 1735 4036 p.
1776 3973 1894 4028 339.
1969 3979 2179 4059 ,Cuvier
2222 3986 2346 4038 Um-

388 4049 698 4116 wfilzungen
734 4052 823 4103 der
857 4052 1125 4121 Ecdrinde‚
1163 4058 1338 4109 bearb.
1382 4078 1432 4112 v.
1459 4061 1764 4132 ’Noggerath
1799 4066 1848 4122 11
1887 4088 1939 4139 p.
1982 4074 2097 4127 157.

254 4159 346 4228 73)
382 4158 436 4210 B.
474 4162 531 4212 G.
571 4161 654 4227 vl,
694 4165 776 4216 27.
851 4165 953 4216 Cur
983 4168 1115 4220 inter
1151 4178 1226 4221 tot
1265 4172 1607 4241 historiarum,
1640 4174 1897 4233 annalium
1938 4192 1991 4234 et
2019 4192 2342 4239 ‘commenta-

389 4255 577 4307 riorum
614 4258 911 4327 θούριοι-(ιε,
949 4277 1077 4329 quos
1114 4264 1169 4314 in
1190 4250 1427 4349 ¹elencho
1470 4272 1768 4342 nominavit,
1802 4277 1970 4359 solum
1991 4256 2175 4361 Iulium
2205 4280 2343 4334 Cae-
