2809 4792
1056 424 1536 492 ...53-

221 620 529 676 auctorem
570 630 711 677 esse
750 613 1143 676 Aristotelem.
1228 614 1466 676 Praeter
1512 613 1696 677 libros
1740 613 1816 676 de
1862 611 2244 689 animalibus,
2285 611 2361 673 de

219 723 484 803 partibus
528 728 588 784 et
635 721 709 783 de
746 706 1156 803 generatione*
1203 722 1536 785 animalium
1584 722 1872 791 -nonnulla
1934 739 1970 784 e
2012 720 2199 796 libre,
2264 721 2363 799 qui

229 831 600 892 Problemata
645 830 981 892 inscribitur
1045 837 1104 890 et
1142 846 1329 909 pauca
1383 827 1612 891 e·libro
1670 831 1745 892 de
1788 829 2132 891 animalibus
2184 827 2362 890 fabu-

221 941 371 1002 losis
414 937 599 1018 (ὑπὲρ
667 939 790 1000 ταῖν
833 938 1392 1019 μυθολογουμένων
1444 934 1671 1024 ζῴων),
1731 957 1765 1000 a
1806 939 2073 1020 Diogene
2125 938 2363 1001 Laertio

225 1048 473 1110 laudato
506 1050 638 1125 ¹⁹⁰),
682 1046 981 1108 delibavit.

389 1156 698 1232 Locorum,
743 1172 891 1235 quos
924 1173 1001 1216 ex
1025 1152 1339 1216 Aristotele
1382 1152 1623 1215 haustos
1669 1152 2176 1235 deprehendimus,¹
2217 1153 2369 1217 alios

225 1264 311 1328 ad
358 1266 599 1326 verbum
644 1263 1002 1338 translatos,
1044 1262 1233 1339 alios,
1288 1260 1443 1340 quod
1490 1261 1721 1341 quidem
1763 1264 2107 1343 saepissime
2153 1262 2369 1324 sactum

217 1374 580 1449 invenimus,
629 1372 687 1433 in
730 1377 953 1433 arctum
989 1370 1296 1447 collectoS‚
1341 1386 1523 1431 sensu
1565 1374 1663 1430 aut
1697 1370 1954 1449 integro,
2001 1377 2099 1432 aut
2139 1371 2367 1432 variato

112 1470 121 1479 ”
214 1489 286 1542 et
330 1479 683 1560 depravato,
722 1478 869 1539 alios
914 1477 1292 1557 amplificatos
1336 1476 1432 1539 vel
1476 1484 1842 1554 exornatos,
1895 1477 2144 1539 adiectis
2186 1478 2365 1540 rebus

216 1588 568 1671 pierumque
610 1605 643 1648 a
689 1603 755 1648 re
797 1586 1004 1648 alienis
1036 1633 1053 1664 ,
1101 1604 1281 1666 saepe
1321 1586 1533 1666 ineptis
1582 1593 1642 1648 et
1685 1585 1881 1662 falsi8‚
1925 1585 2073 1647 alios
2113 1585 2368 1667 denique

209 1697 377 1760 male
418 1696 744 1757 intellectos
780 1702 885 1757 aut
931 1702 1238 1774 corruptos
1276 1695 1545 1776 legimus.
1680 1693 1846 1771 Plinii
1908 1698 2196 1757 rationem
2239 1696 2366 1775 pri-

218 1823 384 1869 mum
434 1806 493 1866 in
536 1819 654 1866 uno
698 1803 832 1865 loco
876 1823 1007 1866 eum
1048 1802 1368 1866 Aristotele
1412 1800 1688 1865 accurate
1731 1802 2131 1882 comparando
2180 1820 2365 1868 accu-

218 1915 414 1977 ratius
454 1927 877 1993 proponamus,-

350 2021 558 2101 Incipit
581 2019 930 2082 Aristoteles
973 2016 1041 2097 11,
1078 2021 1145 2080 11
1195 2016 1288 2079 his
1329 2017 1557 2079 verbis:
1594 2012 1664 2079 Ὀ
1703 2019 1772 2080 δὲ
1810 2017 2176 2099 χαμαιλέων
2220 2011 2363 2082 ὅλον

224 2132 353 2211 μὲν
386 2130 496 2191 τοῦ
533 2127 818 2201 σώματος
861 2121 991 2204 ἐᾈςει
1034 2122 1100 2187 τὸ
1152 2126 1366 2206 σχῆμα
1410 2127 1794 2207 σαυροειδὲς,
1853 2123 1926 2189 τὰ
1997 2127 2065 2189 δὲ
2129 2124 2366 2209 πλευρὰ

223 2231 400 2299 κάτω
458 2229 718 2316 καθήκει
780 2228 1168 2296 συνάπτοντα
1231 2235 1383 2312 πρὸς
1439 2232 1503 2295 τὸ
1576 2232 2026 2316 ὑπογάστριον,
2080 2232 2368 2316 καθάπερ

220 2351 356 2415 τοῖς
399 2341 641 2422 ἰχθύσι,
684 2342 792 2403 καί
836 2341 871 2420 ἦ
917 2337 1105 2423 ῥάχις
1148 2342 1548 2420 ἐπανέστηκεν
1573 2338 1804 2417 ὁμοίως
1846 2343 1915 2426 τῇ
1952 2344 2070 2404 τῶν
2107 2343 2367 2422 ἰχθύων.

223 2450 446 2516 Plinius
491 2449 945 2528 descriptionem
999 2426 1496 2525 chamaeleontis,
1561 2447 1715 2513 nulla
1762 2449 1872 2511 alia
1917 2451 2186 2527 ratione,
2230 2452 2366 2531 opi·-

224 2577 363 2640 nor‚
407 2560 521 2619 nisi
550 2557 757 2619 ordine
782 2556 1171 2636 alphabetico,
1202 2556 1538 2633 ductus191)
1581 2536 1761 2619 cervo
1793 2561 2087 2620 annectit:
2114 2560 2367 2641 „Figura

229 2674 297 2728 et
336 2664 676 2747 magnitudo
722 2663 1246 2741 (chamaeleontis)
1294 2658 1422 2728 e'rat
1466 2665 1758 2744 lacertae,
1795 2667 1907 2728 nisi
1952 2686 2121 2729 crura
2165 2677 2365 2731 essent

223 2782 397 2840 recta
439 2782 499 2836 et
538 2774 889 2839 excelsiora.
972 2773 1182 2837 Latera
1240 2775 1432 2837 ventri
1492 2776 1809 2858 iunguntur
1849 2784 1911 2839 ut
1950 2777 2244 2857 piscihus,
2303 2785 2364 2841 et

264 3119 390 3190 190)
425 3116 569 3169 Unde
609 3115 734 3178 vll,
775 3117 809 3166 3
847 3115 1019 3182 plures
1056 3116 1158 3167 loci
1198 3117 1362 3168 hausti
1398 3118 1647 3170 videntur.
1715 3120 1858 3172 Alios
1898 3119 2039 3171 locos
2074 3122 2368 3173 Aristoteli-

438 3227 526 3265 cos
563 3209 851 3277 deperditos
887 3211 1031 3279 leges
1088 3212 1218 3279 apud
1258 3213 1566 3281 Antigonum
1608 3214 1908 3281 Carystium,
1944 3217 2036 3284 qui
2071 3233 2133 3268 ex
2163 3217 2365 3270 Aristo-

434 3306 570 3370 telis,
589 3306 937 3373 Theophrasti,
974 3307 1184 3361 aliorum
1224 3308 1364 3361 libris
1415 3311 1554 3362 varia
1577 3310 1823 3363 mirabilia
1868 3312 2001 3366 male
2040 3315 2366 3365 consarcina-

429 3405 538 3465 vit,
599 3403 730 3452 etin
773 3402 925 3452 libro:
985 3409 1116 3475 περὶ
1162 3410 1500 3477 θαυμασίων
1552 3406 1952 3481 ἀκουσμάτων,
2003 3410 2156 3476 quia
2190 3424 2361 3476 gram.-

428 3499 614 3549 rnatico
649 3497 850 3566 aliquo,
907 3500 1088 3569 opinor
1110 3537 1124 3564 ,
1173 3515 1203 3549 e
1238 3500 1378 3552 libris
1408 3503 1699 3554 Aristotelis
1742 3512 1792 3555 et
1829 3505 2156 3570 Theophrasti
2191 3514 2360 3558 trans·-

330 3600 333 3605 ’
429 3593 644 3657 scriptus
684 3600 778 3643 est.
842 3592 918 3644 Cf.
952 3594 1244 3647 Thorlacius
1284 3597 1334 3645 in
1379 3597 1563 3669 Opusc.
1604 3598 1669 3649 IV
1709 3615 1757 3665 p.
1803 3601 1825 3649 1
1870 3615 1979 3671 sqq.

270 3695 394 3756 191)
433 3693 559 3744 Plin.
603 3694 739 3756 v111,
781 3697 880 3748 01:
952 3696 1145 3749 “Cervos
1184 3699 1355 3749 Africa
1394 3702 1755 3769 propemodum
1795 3702 1901 3753 sola
1939 3718 2038 3753 non
2082 3705 2271 3772 gignit,
2307 3716 2357 3758 at

428 3788 837 3841 chamaeleonem
874 3801 924 3841 et
952 3795 1079 3858 ipsa,
1122 3811 1401 3862 quanquam
1444 3786 2355 3864 frequentioremIndiac.--Aristo-

426 3882 556 3933 teies
581 3922 596 3946 ,
635 3887 720 3951 qui
754 3887 805 3936 in
840 3886 920 3936 his
956 3888 1106 3939 robus
1145 3892 1425 3942 accuratior
1459 3907 1713 3957 nunquam
1734 3890 1908 3942 'aliena
1944 3892 2123 3946 alienis
2159 3897 2354 3960 miscet,

429 3963 711 4031 rectissime
762 3982 1192 4035 chamaeleontem
1248 3995 1363 4052 post
1417 3986 1720 4037 crocodilum
1775 3992 2021 4041 tractavit.
2119 3991 2362 4043 Ceterum

430 4073 564 4141 quod
597 4073 651 4123 in
684 4074 855 4127 Africa
890 4093 1069 4129 cervos
1108 4095 1209 4131 non
1250 4098 1365 4132 esse
1399 4081 1547 4144 dicit,
1600 4097 1661 4131 ex
1707 4083 1858 4134 Arist.
1913 4084 1970 4134 H.
2010 4088 2072 4136 A.
2109 4086 2252 4150 vm,
2286 4089 2366 4139 28

427 4169 784 4234 transscripsit.
825 4158 1168 4227 chentwinus
1205 4174 1563 4241 „Recherches
1590 4192 1675 4229 sur
1713 4176 1787 4228 les
1823 4194 2084 4231 osaemens
2121 4172 2365 4233 fossiles&

404 4262 492 4314 ‚lv
529 4278 577 4331 p.
614 4262 731 4316 503.
