2809 4792
975 174 1502 306 .„'·3·²‚‘³1.‡'.1
1751 197 1818 298 ῃ..
1883 280 1895 295 ,
1990 120 2538 272 paceni

1989 305 2548 436 ΑΩ-Μὼῥῦ
2643 304 2646 313 '

2008 476 2350 596 tssssissl

2026 628 2451 759 ΜΑΝ

354 1083 432 1147 1.
513 1081 651 1145 De
711 1076 1022 1145 studiis
1084 1095 1388 1149 rel-um
1458 1084 1996 1151 naturalium
2039 1085 2272 1164 apud

355 1198 809 1263 Romanos
853 1199 942 1263 et
985 1201 1098 1263 «le
1141 1200 1529 1267 Pliniana}
1580 1202 1879 1281 operis
1920 1202 2268 1267 ratione

1156 1316 1471 1397 agitur.

1449 1498 1504 1521 'r

408 1648 596 1721 Quum
641 1666 849 1711 omnes
896 1648 1239 1731 disciplinas
1279 1656 1452 1731 atque
1494 1658 1653 1714 artes
1694 1670 1727 1713 a
1769 1648 2071 1731 republica
2104 1649 2264 1713 domi
2304 1649 2397 1712 so-

239 1757 442 1838 risque
484 1757 702 1819 tuenda
750 1757 975 1820 alienas
1016 1758 1264 1820 Romani
1307 1760 1386 1821 ita
1430 1766 1916 1835 contemnerent,
1954 1766 2019 1822 ut
2061 1760 2397 1821 hominibus

240 1864 448 1926 liberis
485 1866 768 1946 indignas
804 1883 1111 1927 servorum
1154 1885 1258 1928 eas
1303 1886 1483 1929 curae
1525 1866 1945 1947 relinquerent,
1988 1867 2129 1947 quid
2170 1869 2400 1943 mirum,

241 1972 495 2034 studium
571 1980 818 2035 naturae
882 1973 1261 2055 indagandae
1329 1993 1463 2037 cum
1529 1974 1905 2056 philosophia
1974 1982 2036 2038 et
2097 1975 2395 2036 medicina

232 2081 568 2142 arctissimo
613 2081 851 2143 vinculo
898 2080 1296 2162 coniunctum,
1341 2086 1556 2165 quippe
1598 2101 1750 2165 quae
1797 2085 2055 2145 invicem
2096 2085 2210 2145 sihi
2253 2100 2391 2144 ser-

228 2190 390 2251 viant
446 2195 506 2250 et
568 2190 738 2270 quasi
797 2190 989 2253 facem
1048 2192 1420 2273 praeferant,
1482 2191 1673 2255 nullos
1722 2209 2048 2273 prosperos
2105 2191 2387 2252 habuisse

236 2315 554 2360 successus
601 2298 707 2371 ¹2?
789 2299 874 2360 Ea
939 2306 1158 2362 tantum
1199 2301 1480 2367 naturalis
1524 2300 1814 2362 scientiae
1859 2318 2035 2381 parS,
2092 2317 2127 2361 e
2172 2288 2297 2379 qua‘
2331 2299 2390 2359 in

228 2407 413 2489 ipsam
454 2409 634 2470 vitam
678 2409 902 2474 fructus
946 2410 1158 2490 aliquis
1201 2410 1539 2472 redundare
1582 2408 1900 2485 videretur,
1938 2407 2191 2471 studium
2225 2409 2385 2489 agri-

229 2516 516 2592 culturae,
560 2518 633 2578 ab
679 2517 1098 2598 antiquissimis
1141 2517 1281 2583 inde
1323 2514 1687 2597 temporibus
1719 2518 1974 2579 maxime
2006 2515 2380 2594 honoratum,

226 2642 345 2685 non
393 2624 633 2686 omnino
690 2625 1024 2705 neglectum
1083 2626 1284 2704 iacuit,
1333 2644 1508 2706 quum
1567 2625 1695 2687 fieri
1758 2643 1874 2687 non
1938 2632 2185 2706 posset,
2244 2627 2381 2706 quin

231 2731 513 2812 plurimas
572 2734 1061 2813 observationes,
1125 2752 1273 2815 quas
1316 2735 1602 2796 collectas
1644 2733 1718 2794 ad
1761 2743 2036 2815 posteros
2081 2752 2386 2815 propaga-

140 2870 145 2873 -
223 2846 380 2916 rent,
421 2857 562 2902 usus
606 2842 733 2920 ipse
780 2840 1153 2922 produceret.
1214 2842 1419 2922 Neque
1450 2842 1763 2904 defuerunt
1806 2845 2036 2905 externi
2081 2850 2380 2919 auctores,

223 2967 374 3028 quos
418 2952 476 3010 in
528 2949 925 3029 agriculturae
968 2949 1167 3011 studio
1211 2950 1586 3025 adhiberent,
1635 2949 1902 3011 Graecos
1948 2948 2084 3010 dico
2117 2955 2379 3030 etprae-

219 3060 391 3137 cipue
432 3058 743 3139 Magonem
789 3057 1378 3138 Carthaginiensem,
1439 3076 1472 3118 a
1523 3057 1811 3136 Dionysio
1857 3056 2067 3118 Cassio
2110 3056 2372 3120 Uticensi

216 3185 441 3247 graece
490 3167 851 3244 translatum,
894 3184 1064 3247 quem
1108 3167 1510 3229 rusticationis
1553 3172 1856 3247 parentem
1899 3165 2215 3228 Columella
2262 3184 2370 3247 ap..

214 3275 497 3355 pellat2).
583 3275 940 3338 Paucissima
987 3282 1204 3337 tantum
1251 3277 1327 3339 ad
1384 3275 1716 3357 augendam
1773 3281 2017 3337 naturae
2060 3275 2369 3337 scientiam

312 3567 363 3632 1)
404 3565 665 3615 Vitruvius
702 3564 742 3628 1,
791 3567 846 3615 1:
888 3565 1156 3616 Praeterea
1192 3565 1256 3616 de
1295 3581 1464 3617 rerum
1498 3573 1706 3630 natura,
1746 3579 1878 3633 quac
1915 3562 2108 3613 Graece
2151 3579 2326 3632 φυσιο

411 3663 572 3730 Acyta
605 3660 815 3724 dicitur,
854 3659 1182 3728 philosophia
1228 3660 1488 3728 explicat3
1522 3677 1672 3730 quam
1707 3674 1934 3725 necesse,
1967 3665 2046 3707 est
2079 3657 2353 3709 studiosius

409 3757 618 3806 novisse
641 3793 657 3818 ,
714 3755 850 3822 quod
887 3754 1041 3807 habet
1073 3756 1257 3808 multas
1296 3764 1346 3806 et
1379 3758 1548 3807 varias
1590 3753 1846 3806 naturales
1890 3753 2252 3820 quaestiones:
2297 3761 2353 3803 ut

411 3849 561 3897 etiam
596 3849 649 3898 in
684 3862 926 3915 aquarum
962 3849 1315 3912 ductionibus3
1352 3852 1404 3900 in
1446 3848 1676 3901 cursibus
1715 3849 1848 3898 enim
1887 3856 1939 3898 et
1973 3848 2361 3900 circuitionibus

409 3950 461 3992 et
515 3941 694 3993 librata
745 3943 958 4009 planitie
995 3944 1409 4011 expressionibus
1459 3945 1664 4010 spiritus
1705 3942 1961 3994 naturales
2013 3943 2161 3994 aliter
2210 3951 2362 4010 atque

420 4037 568 4087 aliter
604 4037 729 4087 fiunt
750 4077 766 4102 ,
809 4054 1020 4105 quorum
1059 4039 1423 4091 offensionibus
1458 4038 1648 4088 mederi
1687 4053 1835 4088 nemo
1873 4039 2092 4104 poterit,
2134 4039 2231 4088 nisi
2267 4039 2353 4104 qui

412 4146 475 4182 ex
517 4131 843 4198 philosophia
879 4134 1128 4200 principia
1163 4150 1328 4187 rerum
1372 4133 1586 4183 noverit.
1669 4132 1746 4185 cf.
1788 4132 1915 4183 Plin.
1955 4130 2131 4193 XXIX,
2173 4131 2222 4184 6.
2262 4132 2316 4183 8.

312 4227 367 4295 2)
404 4226 465 4279 R.
499 4226 559 4281 R.
592 4227 632 4292 1,
675 4229 720 4291 1,
763 4230 853 4281 12:
896 4230 1249 4285 Verumtamen
1286 4237 1340 4278 ut
1381 4206 1849 4294 Carthaginiensem
1894 4228 2157 4294 Magonem
2195 4233 2353 4276 rusu-
