2809 4792
1112 422 1200 437 ...-
1312 392 1398 457 11
1510 428 1607 445 ...-

274 576 490 669 bausit,
537 576 869 659 quanquam
908 579 1088 640 modo
1128 594 1345 655 rerum,
1382 594 1536 660 quas
1567 580 1858 655 tractavit,
1902 578 2212 658 imperitia,
2256 576 2436 639 modo

280 683 668 748 festinatione
712 689 1023 767 peccavit,
1072 706 1405 769 quanquam
1451 686 1698 767 plutima
1740 688 1920 749 insint
1958 686 2209 749 naturali
2251 686 2443 755 histo-

271 793 423 870 riae,
471 811 624 875 quae
667 794 875 858 tollere
922 795 1127 872 velles,
1169 796 1244 857 de
1286 797 1690 876 antiquitatum
1735 795 1948 857 studiis
1991 798 2210 874 optime
2256 795 2441 857 meri-

241 900 429 976 Χ-ῐιιιιιζ
459 903 768 982 ipsumque
810 902 1143 979 constitum,
1189 920 1307 982 quo
1353 904 1649 965 communi
1691 901 1921 965 utilitati
1963 903 2282 965 consulere
2322 920 2438 965 vo..

265 1005 376 1071 luit
404 1010 518 1086 ⁴⁷),
559 1027 784 1071 summa
826 1009 1003 1072 laude
1041 1011 1282 1092 dignum
1328 1028 1469 1072 esse
1514 1012 1725 1092 negari
1766 1012 1984 1092 nequit.
2066 1013 2261 1091 Atque
2306 1011 2438 1073 iure

249 1109 554 1193 ‘mn-eris,
606 1134 740 1183 eum
786 1136 910 1182 rem
962 1126 1080 1181 tam
1146 1118 1388 1180 arduam
1437 1119 1589 1198 ipsi,
1647 1119 1905 1181 sterilem
1953 1125 2015 1179 et
2057 1118 2438 1180 iniucundam

269 1241 643 1305 aggressum,
682 1244 910 1288 summa
959 1233 1023 1289 et
1059 1225 1391 1289 incredibili
1437 1227 1566 1287 fere
1603 1227 1939 1288 constantia
1975 1226 2050 1288 ad
2089 1224 2261 1287 tinem
2291 1243 2433 1305 per-

270 1331 536 1394 duxisse.
622 1333 809 1396 Recte
866 1336 1048 1416 igitur
1098 1334 1423 1398 Salmasius
1483 1334 1657 1397 dicit:
1722 1351 1842 1396 non
1899 1333 2225 1396 mirandum
2271 1350 2434 1409 esse,

266 1457 447 1503 unum
493 1442 748 1525 aliquem
793 1444 1131 1521 hominem,
1191 1443 1382 1523 qualis
1421 1444 1718 1506 exstiterit
1756 1442 2006 1519 Pliniu8‚
2067 1460 2188 1504 non
2233 1442 2433 1504 omnia

262 1547 634 1625 exhibuisse,
682 1567 837 1631 quae
878 1549 1384 1626 desiderarentur,
1430 1550 1507 1611 ad
1551 1549 1723 1615 talem
1760 1548 1914 1611 illam
1959 1550 2199 1627 molem,
2244 1565 2434 1628 quan-

266 1662 391 1718 tam
432 1658 630 1719 annno
677 1659 1097 1737 concepisset,
1156 1658 1599 1737 perficiendam.
1683 1658 1795 1720 Tot
1836 1659 2163 1733 scientiaS,
2229 1656 2435 1737 inquit,

264 1776 395 1825 'non
440 1781 617 1826 unum
662 1773 869 1846 pectus
915 1766 1106 1844 capit,
1169 1766 1269 1826 vix
1326 1783 1443 1829 una
1484 1765 1730 1846 plurium
1775 1773 1941 1828 aetas
1983 1765 2275 1845 percipit,
2336 1765 2437 1826 vix

260 1872 434 1952 plura
476 1872 718 1935 saecula
747 1872 1072 1953 perficiunt.
1116 1873 1248 1937 Hoc
1270 1872 1427 1948 solo,
1472 1874 1688 1953 pergit,
1735 1873 1976 1934 nomine
2016 1873 2268 1954 gratiam
2304 1890 2440 1934 me-

257 1987 424 2043 retur
467 1982 880 2061 praecipuam,
940 1981 1099 2061 quod
1146 1980 1471 2062 deperditis
1514 1980 1894 2058 auctoribus,
1955 1980 2114 2042 unde
2175 1983 2429 2062 accepit,

261 2087 569 2170 diligentia
611 2089 707 2150 illa
754 2107 860 2151 sua
904 2089 1143 2172 legendi
1186 2108 1274 2152 ac·
1302 2089 1625 2170 colligendi
1654 2134 1673 2167 ,
1715 2106 1829 2168 qua
1874 2107 2082 2152 omnes
2123 2092 2285 2167 vicit,
2328 2107 2430 2153 res

258 2198 724 2260 innumerabiles
768 2200 947 2263 nobis
984 2200 1346 2275 transmisit,
1388 2216 1634 2279 quarum
1678 2199 1963 2262 memoria
2006 2197 2188 2261 bodie
2233 2200 2428 2261 omnis

264 2306 495 2386 absque
534 2305 636 2369 illo
679 2306 936 2370 funditus
978 2307 1403 2370 intercidisset.
1966 2296 1970 2299 ’

409 2532 605 2595 Primo
647 2533 932 2596 naturalia
980 2531 1265 2595 historiae
1309 2530 1486 2608 libre,
1530 2533 1629 2613 qui
1669 2493 2091 2611 totius'operis
2133 2529 2434 2592 secundus

149 2624 157 2631 ⁶
260 2632 628 2720 appellatur,
688 2654 864 2719 quum
910 2639 1192 2701 elenchus
1235 2639 1365 2700 sive
1423 2640 1724 2703 enarratio
1771 2640 2101 2721 argumenti
2156 2637 2433 2720 singulo-

259 2764 391 2810 rum
430 2748 715 2809 librorum
763 2755 825 2809 et
868 2748 1236 2809 enumeratio
1279 2753 1623 2825 auctorum,
1685 2748 1897 2828 quibus
1951 2764 2022 2809 se
2077 2765 2244 2810 usum
2290 2762 2430 2813 esse

181 2927 187 2934 ,
258 2857 587 2937 profitetur,
632 2854 855 2935 primus
895 2861 1271 2932 numeretur,

1049 2965 1125 3025 de
1170 2964 1390 3027 mundo
1424 2971 1483 3025 et
1513 2965 1823 3026 elementis
1853 2964 1979 3044 agit
2010 2963 2223 3042 iisque,
2273 2978 2428 3042 quae

348 3108 351 3111 >
430 3061 482 3126 I·
565 3059 840 3142 Phy8t'css·
974 2975 1125 3265 {ad
1196 3073 1620 3134 astronomiam
1687 3078 1748 3132 et
1816 3071 2120 3152 physicam
2187 3068 2425 3151 proprie

1050 3179 1267 3245 dictam
1304 3185 1598 3262 spectant.

1052 3289 1229 3351 Libro
1288 3289 1364 3352 111
1430 3307 1621 3371 usque
1696 3285 1774 3351 ad
1847 3286 1922 3371 Vl
1999 3285 2431 3369 geographiam

1053 3399 1249 3462 tradit.
1357 3425 1361 3429 ·

1049 3505 1226 3570 Libro
1268 3505 1368 3568 Vll
1422 3507 1498 3569 de
1559 3506 1798 3570 humani
1839 3501 2112 3583 corporis
2150 3509 2210 3561 et
2249 3500 2432 3565 animi

1048 3615 1284 3678 dotibus
1331 3616 1589 3697 exponit.
2083 3626 2090 3647 “

337 3343 422 3408 ΙΙ.
510 3344 908 3426 Geoqraphia.
976 3296 1040 3476 ζ

275 3558 392 3623 ιιι.
476 3537 966 3646 Anthropoloq'ia.

440 3878 527 3929 -de
557 3880 881 3949 negligentia
921 3890 970 3933 et
1007 3883 1294 3951 ignorantia
1332 3884 1652 3936 librariorum
1700 3885 1800 3934 iam
1836 3882 2019 3936 Cicero
2070 3886 2315 3953 queritur.
2356 3886 2421 3937 ad

344 4029 357 4041 .
458 3972 628 4036 Quint.
667 3976 725 4027 fr.
765 3976 858 4040 111,
900 3977 948 4029 5.
1027 3979 1173 4031 Adde
1207 3980 1347 4032 Mart.
1388 3976 1455 4041 11,
1490 3978 1540 4033 8.
1582 3977 1712 4030 Gell.
1753 3979 1862 4045 vn,
1900 3981 1988 4033 20.

331 4066 424 4136 47)
463 4067 583 4135 lpse
621 4071 670 4119 in
709 4071 1060 4137 praefatione:
1113 4074 1360 4141 Equidem
1403 4077 1471 4124 ita
1510 4075 1715 4139 sentio,
1774 4072 2084 4143 peculiarem
2141 4076 2191 4125 in
2243 4074 2424 4125 studiis

461 4179 667 4215 causam
704 4180 878 4218 eorum
917 4182 1068 4230 esse,
1126 4170 1213 4235 qui
1264 4166 1648 4219 difficultatibus
1696 4169 1848 4220 victis
1901 4165 2167 4219 utilitatem
2210 4168 2422 4221 iuvandi

454 4259 791 4328 praetulerint
831 4264 1025 4330 gratiae
1062 4263 1316 4332 placendi.
