2809 4792
1324 365 1812 441 ..43-

484 573 619 620 nem
666 557 726 619 in
771 557 932 620 aliud
975 560 1204 640 tempus
1251 557 1490 622 differre
1535 564 1598 623 et
1637 561 1756 637 hoc
1795 561 1933 625 loco
1979 579 2089 626 eos
2133 567 2352 628 tantum
2383 564 2648 630 examini

472 666 772 731 subiicere
816 668 1260 743 constituimuS,
1303 682 1339 727 e
1382 667 1592 747 quibus
1633 668 1790 732 illum
1836 684 1935 731 res
1977 670 2257 752 physicas
2313 676 2636 755 praecipue

471 773 747 837 hausisse
776 775 1074 838 videmus,
1177 773 1531 856 Incipiamus
1590 784 1784 840 nutem
1830 798 1863 840 a
1908 780 2205 861 physiciS‚
2263 782 2512 845 medicis
2574 790 2636 845 et

473 883 873 963 agriculturae
917 884 1304 964 scriptoribus
1331 932 1349 961 ,
1412 885 1623 967 quibus
1663 889 2025 966 potissimum
2068 889 2127 951 id
2171 892 2433 953 muneris
2474 893 2637 953 assi.

472 999 714 1073 gnatum
751 1008 890 1055 esse
932 991 1206 1070 videtur,
1274 999 1340 1055 ut
1378 1010 1575 1056 rerum
1617 1001 1883 1057 naturam
1928 999 2112 1078 ipsam
2159 1015 2332 1079 quam
2373 998 2638 1081 diligen-

473 1102 698 1163 tissime
743 1101 1067 1163 observent
1109 1108 1284 1181 atque
1325 1103 1656 1165 consulant.

634 1208 1029 1290 Empedocles
1072 1211 1506 1292 Agrigentinus
1539 1214 1689 1290 ¹⁷⁴),
1729 1212 1845 1292 ‘qui
1889 1212 2151 1274 carmine
2192 1215 2341 1294 περὶ
2381 1210 2633 1299 φύσεως

466 1318 753 1397 inscripto
798 1317 871 1379 de
910 1319 1091 1381 totius
1135 1320 1337 1381 mundi
1381 1320 1616 1401 origine
1642 1326 1702 1381 et
1744 1319 2217 1383 conformatione
2258 1331 2486 1404 egerat,
2522 1320 2626 1386 ubi

467 1427 546 1487 de
577 1427 956 1488 animantium
992 1443 1227 1509 quoque
1256 1434 1465 1490 natura
1492 1429 1794 1493 disserere
1813 1446 1936 1490 non
1960 1432 2373 1509 praetermisit,
2419 1431 2633 1494 landa-

464 1543 560 1598 tur
599 1555 631 1596 a
674 1536 859 1599 Plinio
908 1539 969 1599 in
1014 1535 1217 1599 indice
1258 1537 1393 1600 libri
1439 1537 1556 1617 Xl,
1604 1555 1718 1618 quo
1768 1537 1920 1601 libro
1965 1557 2096 1602 eum
2138 1541 2197 1601 in
2245 1541 2427 1603 rebus
2469 1541 2639 1623 phy--

462 1643 781 1726 siologicis
819 1645 1191 1709 consuluisse
1235 1647 1488 1710 videtur.
1572 1646 1930 1710 Memoratur
1986 1647 2243 1726 deinde,
2301 1648 2527 1726 XXlX,
2565 1652 2629 1713 4'.

461 1752 666 1831 XXX,
714 1755 769 1816 2.
813 1754 1057 1817 XXXVI
1072 1800 1090 1833 ,
1135 1753 1253 1834 69,
1299 1773 1416 1835 quo
1460 1756 1793 1835 posteriore
1839 1753 1977 1818 loco
2021 1756 2237 1819 Plinius
2279 1775 2349 1819 se
2402 1759 2630 1838 Empe-

464 1860 659 1922 doclis
694 1862 883 1924 'libros
924 1862 1256 1944 inspexisse
1300 1863 1627 1944 profitetur.

629 1971 1007 2043 Democritus
1044 1970 1366 2034 Abderites
1400 1975 1508 2046 1⁷⁵)
1535 2017 1552 2048 ,
1616 1969 2095 2052 diligentissimus
2137 1986 2334 2034 rerum
2377 1978 2630 2035 naturae

461 2084 759 2143 scrutator
806 2079 963 2156 ¹⁷⁶),
1022 2079 1125 2158 qui
1186 2096 1462 2161 magnam
1517 2080 1702 2143 Asiae
1763 2087 1988 2160 partem
2052 2081 2437 2163 per-migravit
2487 2083 2626 2157 ¹⁷⁷),

492 2405 619 2473 174)
659 2402 737 2456 Cf.
778 2403 1102 2471 Empedoclis
1160 2402 1480 2471 Agrigentini
1533 2403 1816 2455 carminum.
1866 2401 2116 2472 reliquiae
2171 2403 2252 2459 ed.
2290 2405 2346 2457 S.
2379 2403 2619 2460 Karsten.

661 2501 910 2555 Brundisii
948 2499 1161 2565 „Gesch.
1202 2498 1251 2550 d.
1289 2498 1498 2551 Grieeh.
1539 2497 1899 2565 Philosophi&
1937 2499 1958 2549 1
1996 2515 2045 2565 p.
2087 2499 2186 2553 188
2220 2514 2299 2567 sq.
2369 2497 2628 2568 Sprengel

657 2597 871 2662 „Gesch.
911 2595 960 2647 d.
1001 2592 1387 2648 Arzneikunde⁶
1429 2593 1452 2645 1
1488 2611 1538 2661 p.
1570 2595 1673 2647 302
1706 2611 1784 2662 sq.
1825 2593 1927 2664 (ed.
1965 2593 2079 2665 111).

505 2703 624 2771 175)
666 2700 744 2752 cf.
797 2700 1070 2751 Democriti
1128 2698 1402 2755 Abderitae
1455 2713 1664 2764 operum
1720 2698 2001 2763 fragmenta
2056 2697 2176 2751 coll.
2230 2693 2430 2750 recens.
2484 2706 2618 2751 vert.

659 2794 794 2861 expl.
844 2809 903 2844 ac
941 2793 1006 2845 de
1041 2793 1334 2860 philosophi
1382 2795 1488 2843 vita
1527 2793 1731 2860 scripsit
1768 2792 1823 2844 F.
1855 2792 1911 2850 G.
1954 2796 2013 2847 Δ.
2049 2793 2368 2864 Mullachius.
2425 2794 2621 2865 (Berol.

660 2892 837 2962 1843.)
869 2887 1095 2967 B'randis.
1135 2890 1166 2941 l.
1205 2886 1241 2941 l.
1278 2905 1329 2956 p.
1365 2889 1470 2942 296
1504 2906 1579 2957 sq.

495 2998 617 3068 176)
655 2994 735 3050 cf.
780 2996 1006 3049 Brandis.
1041 2996 1095 3049 in
1130 2994 1254 3047 Mus.
1296 2993 1460 3045 Rben.
1504 2992 1575 3045 111
1617 3009 1668 3067 p.
1711 2991 1824 3047 134,

500 3102 622 3172 177)
661 3099 789 3151 Plin.
827 3096 996 3163 XXV,
1031 3099 1096 3151 5:
1154 3095 1453 3163 Composuit
1489 3105 1541 3147 et
1582 3081 1898 3147 Democritus
1937 3093 2201 3178 (volumen
2237 3094 2301 3147 de
2344 3094 2622 3148 herbarum

656 3192 865 3259 effectu)
886 3192 1169 3258 peragratis
1190 3191 1429 3253 Persidis,
1461 3189 1697 3252 Arabiae,
1736 3189 2057 3256 Aethiopiae,
2078 3192 2404 3257 Aegyptique
2425 3191 2615 3258 Magis.

651 3286 898 3353 Adeoque
944 3284 1007 3336 ad
1045 3284 1177 3336 haec
1213 3285 1438 3335 adtonita
1486 3285 1759 3351 antiquitas
1798 3282 1926 3347 fuit,
1979 3291 2036 3334 ut
2081 3283 2410 3337 affirmaverit
2460 3287 2619 3336 etiam

651 3380 972 3433 incredibilia
1000 3379 1169 3431 diem
1234 3380 1386 3442 xxx,
1422 3379 1489 3431 2:
1532 3379 1686 3430 Certe
1720 3379 2050 3447 Pythagoras,
2086 3379 2460 3447 Empedocles,
2500 3380 2619 3432 De-

652 3479 928 3542 mocritus,
961 3475 1104 3529 I’lato
1144 3476 1209 3529 ad
1249 3475 1382 3529 hanc
1415 3477 1598 3542 (artem
1632 3477 1906 3545 magicam)
1947 3475 2239 3528 discendam
2273 3478 2618 3544 navigavere,

646 3573 851 3645 *exsiliis
884 3573 1087 3637 verine,
1141 3587 1288 3639 quam
1326 3570 1821 3638 peregrinationibus
1871 3562 2143 3646 susceptis.
2186 3604 2249 3617 --
2291 3570 2623 3625 Democritus

651 3669 1035 3739 Apollobechen
1076 3668 1311 3733 Coptiten
1366 3675 1419 3718 et
1452 3667 1736 3740 Dardanum
1777 3681 1807 3716 e
1846 3665 2101 3718 Phoenice
2153 3665 2459 3732 illustravit,
2507 3682 2620 3718 vo·-

532 3754 537 3761 ’
650 3738 926 3816 luminibus
962 3763 1181 3815 Dardani
1219 3764 1269 3813 in
1315 3762 1747 3828 sepulcrum'eius
1785 3762 1993 3827 petitis:
2048 3762 2153 3813 suis
2189 3776 2313 3813 vero
2352 3776 2415 3812 ex
2449 3762 2622 3813 disci-

654 3858 794 3926 plina
829 3875 1004 3911 eorum
1042 3858 1226 3909 editis:
1263 3873 1396 3925 quae
1432 3865 1639 3923 recepta
1672 3856 1736 3907 ab
1772 3855 1885 3906 aliis
1923 3855 2199 3920 hominum,
2236 3863 2389 3925 atque
2430 3865 2615 3907 trans-

647 3956 752 4007 isse
791 3970 886 4022 per
922 3955 1243 4018 memor-mm,
1296 3967 1491 4020 aeque,
1529 3966 1589 4001 ac
1630 3950 1756 4001 nihil
1811 3950 1863 4001 in
1917 3952 2022 4001 vita
2066 3950 2345 4002 mirandum
2388 3959 2484 4002 est.
2552 3950 2623 4003 111

632 4059 843 4109 ‚tanum
875 4050 1002 4103 fides
1039 4052 1149 4101 istis
1190 4049 1372 4116 fasque
1405 4062 1561 4099 omne
1593 4045 1774 4110 deest,
1829 4043 1957 4103 adeo
2011 4052 2065 4095 ut
2109 4045 2147 4095 ii
2189 4047 2276 4113 qui
2334 4053 2528 4111 cetera·
2561 4047 2633 4098 in·

649 4149 760 4198 viro
802 4145 895 4199 illo
932 4144 1178 4211 probant,
1219 4145 1348 4201 haec
1391 4145 1501 4195 eius
1540 4158 1658 4203 esse
1704 4156 1860 4207 opera
1900 4139 2206 4209 inficientur.
2277 4140 2358 4193 Cf.
2397 4139 2507 4194 Cic.
2549 4141 2629 4193 de

651 4241 738 4297 fin.
777 4241 838 4305 V,
879 4241 958 4295 19.
1012 4238 1192 4295 ⁷strab.
1234 4239 1345 4293 xvl
1380 4255 1431 4305 p.
1467 4236 1587 4307 793,
1655 4235 1803 4321 Diod.
1845 4236 1947 4293 Sic.
1986 4235 2028 4299 1,
2061 4235 2145 4287 98.
2179 4288 2184 4297 ,
