2809 4792
1313 385 1800 457 ..36-

507 575 720 657 quippe
764 572 884 655 qui,
924 577 1201 653 quantum
1247 571 1485 652 quidem
1523 590 1561 635 e
1603 573 1828 655 paucis,
1868 588 2024 654 quse
2065 577 2378 653 &mersum
2398 615 2419 649 ‚
2482 570 2690 637 libro·

504 703 633 749 rum
688 684 1068 765 physicorum
1132 682 1482 763 fragmentis
1528 687 1706 763 atque
1761 683 1893 761 ipso
1933 679 2118 742 Plinio
2175 681 2445 749 iudicare
2514 681 2686 757 lieet,

504 810 628 855 non
674 809 753 854 ex
794 791 918 855 suis
959 792 1220 871 ipsorum
1267 790 1813 869 observationibuS‚
1860 790 2029 853 sede
2054 790 2438 866 Graecorum,
2481 787 2686 870 quiid

502 918 696 982 genus
735 918 837 962 res
881 906 1314 980 tractaverant,
1370 898 1538 960 libris
1580 898 1855 960 hausisse
1900 915 2225 977 eorumque
2269 897 2521 978 vestigia
2567 914 2683 959 se-
2783 914 2784 979 j

508 1009 630 1071 cuti
672 1024 811 1070 esse
852 1006 1144 1070 videntur.
1230 1005 1349 1069 lam
1396 1004 1622 1068 Ennius
1662 1006 2034 1068 Archestrati
2075 1022 2330 1086 poema,
2383 1002 2682 1066 Ἡδυπά·
2783 1018 2784 1103 j

503 1123 653 1180 θεια
693 1116 1060 1194 inscriptum,
1109 1116 1168 1176 in
1213 1114 1480 1177 Latinum
1524 1131 1860 1177 sermonem
1911 1114 2203 1177 transtulit
2231 1118 2366 1192 ¹²⁸).
2446 1113 2682 1175 Lucre-

502 1226 619 1291 tius
662 1226 721 1289 iu
773 1226 1034 1286 carmine
1079 1222 1155 1285 de
1197 1241 1393 1285 rerum
1430 1229 1659 1300 natura,
1704 1241 1820 1304 quo
1868 1221 2106 1304 Epicuri
2142 1223 2220 1293 de
2257 1220 2476 1285 mundo
2525 1239 2682 1283 sen-

505 1335 746 1396 tentiam
807 1331 1115 1413 eleganter
1174 1333 1488 1412 exposuit,
1564 1331 1986 1412 Empedoclem
2057 1333 2112 1393 in
2145 1332 2348 1395 ‘rebus
2409 1328 2680 1410 physicis
2783 1366 2784 1373 κ

506 1441 761 1504 maxime
826 1447 1068 1503 secutus
1123 1447 1218 1502 est
1249 1442 1375 1517 ¹²⁹).
1477 1440 1786 1502 Lucretius
1856 1441 1914 1501 in
1957 1439 2185 1511 ‚indice
2261 1438 2398 1500 libri
2440 1437 2498 1500 X
2567 1456 2682 1499 au·
2783 1428 2784 1431 '

512 1547 980 1615 otor-laudatur
1047 1555 1222 1630 atque
1285 1547 1567 1609 nonnulla
1635 1547 1843 1628 capitis
1908 1547 1990 1611 98
2050 1546 2221 1609 huius
2286 1546 2466 1624 libri,
2559 1563 2678 1626 quo

512 1661 588 1720 de
641 1674 854 1720 somno
909 1658 1139 1738 agitur,
1214 1673 1251 1717 e
1321 1656 1581 1718 Lucretii
1634 1658 1918 1744 *carmine
1984 1654 2118 1730 (lib.
2176 1654 2269 1716 lV.
2333 1655 2458 1717 904
2513 1664 2676 1734 sqq.)

509 1768 717 1829 hausta
756 1782 895 1828 esse
955 1764 1249 1831 videntur.
1335 1764 1414 1827 Μ.
1459 1763 1703 1827 Tullium
1761 1764 2113 1825 Ciceronem
2173 1763 2343 1825 Arati
2400 1763 2676 1824 Phaeno-

511 1894 685 1938 mena
746 1881 807 1936 et
845 1875 1235 1951 Prognostica
1302 1874 1363 1935 in
1422 1890 1758 1935 sermonem
1799 1873 2066 1935 Latinum
2124 1869 2500 1933 transtulisse
2555 1873 2680 1931 sci..

442 1979 459 1986 ’
513 2001 642 2045 mus
677 1985 834 2060 130);
878 1983 1183 2061 librosque
1219 1981 1560 2043 Aristotelis
1605 1979 2120 2060 et·'l'heophrosti‚
2166 1980 2264 2059 qui
2306 1978 2384 2040 de
2421 1978 2683 2060 physicis

514 2096 694 2170 sunt,
757 2108 891 2154 eum
940 2092 1159 2171 optime
1203 2091 1484 2171 cognitos
1525 2089 1807 2151 habuisse
1846 2088 2180 2169 multosque
2220 2088 2363 2151 inde
2405 2087 2576 2150 locos
2618 2090 2681 2149 in

512 2218 683 2264 usum
726 2217 893 2263 suum
934 2198 1307 2261 convertisse
1335 2200 1464 2275 ¹³²),
1512 2197 1626 2259 iam
1667 2182 1842 2278 supra
1887 2198 2364 2260 memoravimus.
2433 2196 2681 2258 Praete-

511 2327 619 2389 rea
663 2308 1082 2390 Xenophontis
1122 2302 1305 2388 λόγον
1348 2301 1737 2386 οἰκονομικὸν
1780 2306 2329 2386 transtulerat132),
2384 2321 2498 2386 qua
2538 2320 2681 2367 ver.

559 2540 680 2614 128)
713 2537 1071 2592 Archestratus
1120 2537 1358 2601 Siculus,
1402 2536 1691 2590 Aristotelis
1747 2546 1798 2590 et
1832 2536 2193 2590 Demosthenis
2218 2575 2234 2602 ,
2292 2547 2351 2589 ut
2400 2528 2680 2593 Schneider
2781 2522 2782 2531 ἵ

712 2634 970 2701 (epimetr.
1007 2635 1032 2686 1
1068 2635 1132 2685 ad
1179 2634 1334 2689 Arist.
1372 2633 1432 2685 Η.
1473 2635 1531 2685 Α.
1572 2650 1604 2701 p
1660 2634 1750 2703 53)
1787 2634 2104 2701 suspicatur,
2156 2633 2388 2702 aequalis
2424 2636 2535 2694 fuit.
2605 2635 2682 2691 Ex

728 2731 934 2781 curiosa
978 2729 1394 2796 peregrinatione
1430 2728 1762 2780 helluonibus
1801 2729 2010 2782 Graecis
2047 2729 2276 2795 rettulit,
2331 2731 2467 2799 quod
2501 2733 2685 2800 quovis

720 2828 776 2878 in
816 2826 934 2878 loco
974 2824 1353 2877 esculentorum
1405 2825 1894 2896 potulentorumqne·
1933 2842 2101 2895 genus
2158 2828 2226 2879 sit
2259 2830 2525 2895 egregium
2543 2865 2560 2891 ‚
2611 2828 2686 2879 nti

727 2921 891 2975 refert
920 2908 1217 2974 Athenaeus
1255 2921 1347 2975 vu
1384 2937 1436 2989 p.
1475 2921 1592 2975 278.
1650 2921 1807 2974 Cuius
1841 2923 2133 2974 testimonio
2173 2930 2382 2979 utuntur
2413 2923 2689 2983 Clearchus

726 3017 991 3082 Solensis,
1044 3016 1334 3071 Aristotelis
1371 3015 1684 3083 discipulus,
1739 3025 1791 3067 et
1826 3017 2059 3083 Lynceus
2094 3018 2293 3071 Samius
2350 3018 2559 3088 (Athen.
2597 3019 2688 3071 vn

726 3130 778 3180 p.
822 3113 924 3167 285
961 3117 1084 3183 sq.).
1161 3112 1463 3166 Aristoteles
1515 3115 1568 3163 in
1604 3112 1975 3165 conscribenda
2025 3129 2087 3165 ea
2125 3112 2444 3166 historiarum
2479 3114 2544 3165 de
2578 3115 2691 3166 ani-

725 3207 945 3258 malibus
986 3215 1149 3274 parte‚
1185 3223 1317 3275 quae
1352 3216 1580 3259 naturam
1620 3208 1836 3272 piscium
1872 3215 2082 3270 tractat,
2117 3208 2433 3260 Archestrati
2475 3225 2687 3276 praece·

726 3302 827 3369 ptis
864 3317 986 3352 usus
1031 3301 1247 3357 videtur.
1317 3300 1394 3351 cf.
1435 3301 1716 3353 Schneider
1752 3301 1877 3351 Hist.
1916 3303 2043 3367 pisc.
2084 3317 2132 3367 p.
2177 3302 2294 3356 229.
2350 3303 2589 3370 Epimetr.
2628 3305 2692 3356 ad

727 3397 882 3451 Arist.
920 3396 978 3451 H.
1015 3400 1072 3448 Δ.
1110 3396 1151 3447 Ῑ.
1233 3395 1429 3464 Ennius
1472 3412 1675 3447 carmen
1716 3396 2024 3471 Archestrati
2061 3398 2331 3450 transtulit.
2395 3399 2689 3466 Bernhardy

731 3493 1046 3559 „Grundriss
1089 3492 1179 3544 der
1215 3492 1360 3547 Rom.
1399 3492 1550 3545 Litt.“
1590 3508 1638 3560 p.
1686 3495 1784 3556 159
1833 3510 1883 3549 n.
1925 3494 2070 3547 3092
2109 3494 2286 3561 „Auch
2327 3495 2472 3548 diese
2508 3495 2693 3548 Schrift

742 3589 973 3653 scheint‚
1025 3604 1181 3641 wenn
1230 3573 1345 3640 man
1391 3589 1503 3641 ihre
1542 3589 1907 3641 summarische
1944 3588 2293 3657 Fluchtigkeit
2348 3593 2442 3643 mit
2476 3591 2565 3642 der
2581 3591 2692 3643 ὑθ-

732 3684 1007 3753 luglichen
1043 3686 1213 3738 Breite
1265 3684 1357 3735 des
1391 3683 1750 3737 Archestratus
1799 3683 2123 3752 vergleicht,
2181 3684 2303 3737 kein
2355 3687 2695 3740 vereinzeltes

678 3770 683 3773 ’
735 3780 901 3834 Werk
937 3779 1166 3848 gebildet
1206 3796 1270 3831 zu
1304 3779 1529 3831 nasama.
1564 3772 1658 3831 cf:
1686 3781 1877 3846 noyers
1917 3779 2126 3834 Anthol.
2166 3780 2252 3833 lat.
2285 3782 2308 3833 1
2350 3799 2401 3850 p.
2437 3783 2525 3835 lx.

512 3910 519 3917 -
577 3875 704 3947 129)
746 3877 823 3928 cf.
863 3875 1184 3931 Eichstadins
1222 3876 1275 3927 in
1313 3874 1475 3942 praef.
1511 3874 1577 3924 ad
1613 3876 1759 3927 Lucr.
1800 3891 1849 3942 p.
1888 3875 1957 3929 94
1989 3892 2066 3942 sq.
2125 3877 2419 3943 Bernhardy
2457 3894 2505 3945 p.
2542 3880 2663 3933 216.

581 3974 705 4043 130)
742 3971 820 4025 Cf.
844 3971 882 4023 1.
902 3972 961 4025 C.
986 3971 1285 4025 Schaubach
1320 3971 1387 4025 de
1417 3972 1556 4024 Arati
1591 3971 1821 4031 Solensis
1860 3974 2224 4040 interpretibus
2255 3975 2497 4027 Romanis
2518 3974 2695 4045 (1818)

751 4076 805 4120 et
842 4066 1103 4120 Orelliana
1139 4068 1403 4125 Ciceronis
1449 4067 1610 4120 editio
1645 4066 1699 4119 T.
1738 4069 1779 4120 V
1821 4067 1874 4121 Ρ.
1912 4067 1962 4121 11
2001 4084 2051 4136 p.
2091 4070 2195 4124 516
2235 4086 2348 4138 sqq.
2398 4078 2453 4122 et
2485 4071 2584 4125 555
2617 4088 2691 4139 sq.

578 4166 704 4234 131)
741 4163 823 4217 cr.
863 4165 925 4215 A.
963 4162 1113 4217 staur
1143 4163 1404 4217 Aristotel.
1441 4148 1492 4215 11‘
1528 4177 1579 4230 μ
1620 4162 1721 4217 135
1763 4178 1843 4231 aq.

581 4261 703 4331 132)
743 4258 821 4312 Cf.
857 4258 922 4310 de
959 4255 1035 4308 off
1086 4255 1134 4308 11
1197 4258 1283 4322 24,
1320 4259 1380 4309 11
1410 4275 1425 4307 2
1488 4257 1591 4309 llas
1619 4270 1710 4310 res
1749 4257 2157 4315 commodissime
2195 4259 2480 4325 Xenophon
2515 4261 2668 4317 Socra

862 4338 888 4369 0
