2809 4792
1050 380 1531 451 ..ι-33...

2345 512 2397 547 ἢ.

208 567 561 633 immensam
602 565 976 633 affinitatem
1002 572 1111 644 ¹³⁰)
1153 573 1330 648 atque
1369 565 1773 637 incredibilem
1817 565 1945 631 fere
1976 565 2364 651 diligentiam,

209 695 337 758 qua
378 679 585 758 apium
614 683 883 743 naturam
924 683 1269 758 persecutus
1312 683 1405 738 est
1430 677 1594 753 ¹²¹)‘2
1654 675 1829 738 Cuius
1871 676 2108 758 quidem
2152 678 2364 743 summi

210 785 329 847 viri
370 785 748 867 investigatio
803 790 863 847 et
906 784 1075 865 quasi
1117 782 1403 849 divinatio
1466 784 1547 847 ita
1613 802 1650 846 a
1693 784 2031 849 novissimis
2069 784 2364 847 observa-

209 894 449 959 toribus
490 893 835 959 confirmata
875 910 950 956 ac
994 892 1241 973 probata
1282 897 1376 957 eat
1398 897 1542 970 ¹²²),
1595 897 1660 955 ut
1696 892 1887 973 apium
1931 892 2180 959 historia
2222 891 2365 957 inde

209 1002 291 1065 ab
316 1002 659 1067 -Aristoiele
703 1002 781 1065 ad
820 1008 1085 1067 nostram
1125 1018 1313 1082 usque
1364 999 1708 1065 memoriam
1750 1000 1851 1067 vix
1889 999 2007 1063 ulia
2042 1002 2366 1065 memoriae

204 1112 398 1193 digna
458 1111 682 1192 ceperit
746 1111 1128 1175 incrementa.
1234 1110 1449 1172 Plinius
1508 1109 1706 1171 omnia
1730 1154 1750 1186 ‚
1833 1125 1985 1190 quae
2041 1109 2368 1175 subtilioris

205 1221 505 1284 scientiae
532 1227 691 1294 sunt,
726 1236 803 1281 ex
820 1218 1143 1285 Aristotele
1171 1217 1382 1294 hausit,
1413 1217 1635 1281 leviora
1672 1216 1953 1283 nonnulla
1979 1235 2058 1281 ex
2085 1217 2214 1283 aliis
2248 1217 2366 1281 ad-

209 1329 380 1391 didit.
466 1329 714 1393 Primum
758 1328 994 1407 quidem
1050 1327 1125 1389 de
1184 1327 1432 1407 partium
1494 1326 1836 1389 interiorum
1888 1333 1950 1388 et
2007 1328 2364 1389 exteriorum

209 1437 689 1503 conformatione
736 1445 798 1499 et
839 1436 1180 1499 discrimine
1220 1436 1345 1517 agit
1389 1453 1443 1497 c.
1475 1434 1651 1512 1--3‚
1695 1441 1813 1498 tum
1846 1435 2052 1501 transit
2088 1435 2164 1498 ad
2203 1452 2370 1517 apes.

212 1547 480 1613 omnium
507 1547 867 1611 insectorum
911 1544 1131 1609 bomini
1179 1550 1421 1625 propter
1450 1561 1620 1607 usum
1662 1550 1724 1604 et
1761 1542 2086 1609 mirabilem
2130 1550 2370 1624 propter

213 1664 491 1719 namt-am
516 1699 537 1732 ‚
595 1654 1099 1735 praestantissima
1136 1655 1290 1732 ¹²³),
1354 1652 1569 1732 quibus
1635 1652 1930 1717 uberrime
1994 1654 2372 1732 pertractatis

214 1777 311 1839 (e.
355 1765 605 1840 4-11)
644 1762 835 1827 mellis
872 1762 1323 1844 generationem
1366 1767 1429 1823 et
1472 1759 1861 1823 differentiam
1909 1760 2164 1840 explicat
2204 1777 2256 1823 c.
2294 1763 2382 1822 12

216 1872 443 1948 -14;
488 1869 706 1936 deinde
750 1870 825 1932 ad
868 1886 1011 1949 apes
1046 1884 1361 1944 reversus,
1398 1867 1885 1949 generationem,
1922 1867 2214 1946 regimen,
2254 1883 2384 1947 ge„

215 1996 393 2057 nera,
433 1979 676 2047 morbos
723 1983 783 2039 et
831 1975 1055 2057 reliqua
1101 1991 1302 2039 earum
1351 1973 1639 2037 mirabilia
1674 1979 1987 2054 pertractat
2020 1974 2364 2039 ο.15-23.

216 2090 319 2152 De
367 2089 586 2168 vespiS,
629 2085 1021 2149 crabronibus
1059 2083 1306 2165 aliisque
1345 2083 1589 2145 insectis
1646 2082 1766 2164 agit
1806 2081 2168 2159 eati-303
2211 2080 2376 2163 quod

214 2216 370 2261 vero
416 2197 490 2259 de
547 2196 912 2263 stellionibus
953 2192 1155 2257 adiicit
1184 2211 1266 2271 41.
1300 2192 1378 2256 31
1414 2236 1433 2271 ,
1488 2210 1524 2254 a
1561 2191 1740 2255 rebus
1782 2191 1843 2253 in
1880 2189 2000 2253 hoc
2041 2190 2193 2253 libro
2239 2198 2371 2265 tra-

220 2307 402 2370 etatis
450 2321 693 2386 prorsus
737 2303 987 2365 alienum
1049 2301 1126 2363 ad
1170 2300 1379 2365 librum
1425 2305 1694 2361 octavum
1718 2345 1736 2376 ‚
1802 2298 1902 2361 ubi
1950 2297 2373 2363 chamaeleon-

221 2425 346 2479 tem
392 2413 724 2493 descripsit,
752 2411 1052 2491 pertinere
1097 2408 1348 2472 videtur.
1403 2407 1543 2471 Tum
1592 2407 1730 2470 inde
1772 2424 1807 2468 a
1848 2423 1904 2470 c.
1943 2406 2025 2467 32
2067 2423 2253 2488 usque
2295 2403 2376 2467 ad

222 2544 286 2589 c.
310 2521 395 2586 43
439 2528 678 2589 caetera
716 2521 1076 2585 insectorum
1119 2534 1367 2601 genera,
1414 2533 1564 2598 quae
1608 2516 1719 2596 ipsi
1755 2513 2157 2577 memorabilia
2198 2512 2390 2591 vide-a

223 2635 448 2696 bantur
469 2677 489 2709 ‚
531 2630 792 2692 breviter
827 2628 1196 2709 persequitur
1238 2632 1300 2687 et
1344 2625 1404 2686 in
1449 2625 1673 2705 reliqua
1718 2623 1910 2687 buius·
1931 2622 2065 2686 libri
2100 2627 2269 2703 parte
2299 2621 2374 2684 de

227 2740 486 2824 singulis
528 2736 859 2800 animalium
904 2734 1166 2817 partibus
1209 2734 1462 2797 disserit.

398 2847 654 2912 Uberius
695 2846 757 2908 in
799 2844 918 2910 hoc
962 2844 1115 2909 libro
1155 2842 1309 2905 haec
1349 2819 1712 2904 insectorum
1752 2855 1977 2919 genera
2020 2837 2370 2919 descripsit:

427 3171 712 3240 καρκίνων
744 3166 838 3221 καὶ
877 3158 1172 3223 ἀστακῶν,
1211 3156 1259 3208 d.
1294 3154 1541 3230 μαλάκια
1579 3142 1724 3222 (οἷον
1747 3146 1990 3209 τευθίδες
2023 3163 2081 3201 τε
2116 3148 2213 3201 καὶ
2244 3147 2370 3201 τεῦ·-

425 3271 525 3323 θοι
554 3268 650 3319 καὶ
686 3262 920 3333 σηπίαι),
957 3273 1002 3315 e.
1035 3260 1240 3329 ἔντομα
1285 3250 1457 3321 (καλῶ
1494 3249 1538 3303 ‹J’
1577 3250 1793 3318 ἔντομα,
1844 3242 1954 3299 ὅσα
1989 3245 2101 3317 ἔχει
2133 3235 2270 3297 κατὰ
2308 3238 2371 3298 τὸ

436 3363 601 3434 σῶμα
639 3357 898 3431 ἐντομάς,
963 3352 997 3421 ἢ
1034 3355 1094 3409 ἐν
1148 3359 1262 3408 τοῖς
1310 3346 1525 3408 ὑπτίοις
1578 3341 1610 3409 ἢ
1650 3344 1711 3400 ἐν
1751 3341 1968 3403 τούτοις
2012 3356 2068 3394 τε
2117 3341 2213 3393 καὶ
2257 3349 2373 3400 τοῖς

423 3457 745 3527 πράνεσιν).
781 3450 860 3504 Cf.
896 3448 982 3514 lv,
1020 3450 1065 3505 1.
1105 3448 1154 3500 7.
1195 3446 1253 3511 V,
1292 3443 1374 3496 19.
1408 3441 1541 3503 vui,
1578 3441 1656 3491 11.
1702 3436 1783 3491 14.
1824 3437 1903 3489 17.
1938 3434 2022 3488 27.
2060 3431 2147 3498 ΙΧ,
2181 3432 2265 3485 39.

267 3566 397 3631 120)
435 3562 561 3618 Plin.
598 3557 777 3623 xvm,
813 3556 895 3609 77.
998 3552 1001 3559 “
1468 3625 1472 3630 .
1865 3590 1876 3596 -

264 3662 397 3732 121)
434 3657 514 3729 (ζεῖ.
550 3655 609 3708 Η.
647 3656 711 3708 Α.
753 3654 836 3717 V,
873 3650 939 3703 21
977 3661 1088 3717 sqq.
1126 3641 1197 3697 IX
1221 3680 1239 3708 ‚
1288 3640 1359 3695 40
1400 3653 1512 3709 sqq.
1573 3632 1706 3689 vide
1746 3634 1811 3685 de
1846 3631 1896 3683 la
1929 3627 2092 3682 Cerdo.
2123 3626 2189 3679 ad
2230 3626 2368 3696 virg·

421 3754 608 3820 Georg.
648 3750 732 3815 lv,
767 3748 833 3800 95
869 3761 945 3814 sq.

262 3862 393 3933 122)
426 3852 856 3913 Swammerdamii
902 3844 1145 3914 imprimis
1199 3838 1464 3909 diligentia
1485 3874 1500 3902 ‚
1556 3850 1656 3904 qua
1713 3829 2005 3882 interiorem
2065 3828 2410 3883 insectorum*

429 3961 729 4007 structuram
764 3943 1191 4016 perscrutabatur.
1229 3924 1980 3990 Cf.10annisSwammerdamii
2014 3922 2179 3995 biblia
2222 3930 2373 3975 natu-

424 4066 516 4102 rae
549 4049 660 4113 sive
696 4045 903 4096 historia
937 4042 1244 4091 insectorum
1280 4033 1481 4103 (1737).

268 4154 399 4217 123)
438 4152 525 4214 xl,
565 4123 649 4203 (ιε’
671 4145 772 4200 Sed
808 4147 941 4197 inter
984 4142 1154 4193 omnia
1190 4153 1251 4189 ea
1288 4133 1598 4204 principatus
1635 4125 1817 4191 apibus
1859 4129 1908 4174 et
1948 4122 2059 4173 iure
2101 4119 2373 4188 praecipua
2468 4206 2484 4228 Ἰ
2582 4144 2588 4150 -

435 4246 717 4306 admiratio,
757 4241 879 4295 solis
916 4255 980 4291 ex
1017 4252 1078 4290 eo
1117 4248 1306 4304 genere
1343 4227 1600 4281 hominum
1635 4237 1784 4273 causa
1825 4219 2026 4287 genitis.

1945 4324 1988 4389 3
