2809 4792
1281 360 1768 465 ...224-

442 592 690 671 rettulit,
730 590 1002 673 quamvis
1040 584 1353 671 ptumones
1395 585 1678 666 habeant,
1719 585 1946 666 spirent
1989 590 2064 645 ct·
2092 583 2506 660 desinianum.
2531 581 2638 661 ὅ),

438 709 505 765 et
543 700 858 782 delphinus
920 698 1138 761 animal
1204 698 1399 778 pariat
1442 700 1529 772 (c.
1580 697 1656 758 15
1719 699 1909 770 extr.)
1938 695 2054 769 9¹).
2137 693 2318 757 Cuius
2381 689 2632 755 belluae

434 822 640 874 mores
680 810 741 872 et
779 808 958 872 vitam
1001 822 1171 868 more
1213 821 1323 868 suo
1364 803 1630 885 pluribus
1672 803 1963 869 describit
2004 802 2246 878 verbis,
2308 814 2501 883 usque
2545 800 2630 865 ad

436 936 493 984 c.
548 922 643 996 12,
685 934 802 999 quo
849 916 926 980 de
956 915 1355 979 testudinibus
1395 913 1644 977 marinis
1687 913 1830 995 agit.
1914 911 2056 973 Tim
2097 928 2151 973 e.
2201 910 2280 973 14
2321 909 2400 973 (le
2441 909 2633 992 dige-

440 1032 636 1095 stione
683 1027 1023 1110 aquatilium
1089 1042 1198 1106 per
1228 1025 1475 1104 species
1519 1038 1600 1085 ex
1643 1022 2005 1104 tegmnentis
2046 1020 2334 1100 exponit,
2395 1024 2457 1081 et
2497 1019 2641 1100 pri-

445 1154 600 1202 mam
647 1139 816 1219 quasi
865 1135 1035 1196 huius
1070 1135 1500 1220 ‘libri-partem
1550 1130 1871 1193 absolvens
1906 1176 1923 1207 ‚
1993 1148 2056 1190 c.
2104 1130 2179 1190 15
2219 1125 2505 1191 nonnulla
2543 1126 2636 1191 de

418 1249 663 1330 ‘phocis
704 1246 924 1308 adiicit.
1011 1243 1155 1329 lude
1214 1242 1462 1322 piscium
1505 1254 1736 1321 genera
1797 1246 2080 1301 recenset
2131 1250 2222 1312 (c.
2279 1232 2632 1311 lii—43³,

445 1358 659 1440 quibus
700 1354 799 1416 vel
849 1350 1152 1434 copiosius
1218 1351 1313 1412 vel
1357 1351 1620 1413 strictius
1665 1348 1984 1428 descriptis
2044 1346 2121 1410 ad
2180 1362 2256 1409 ea
2317 1345 2633 1428 aquatilia,

443 1478 599 1547 quae
635 1465 834 1545 pisces
899 1465 1192 1544 sanguine
1240 1466 1519 1522 carentes
1558 1458 1869 1534 nantensi,
1931 1457 2141 1518 transit
2185 1474 2238 1518 e.
2285 1451 2417 1532 44,
2476 1471 2638 1534 quae

432 1572 683 1655 ¹quidem
740 1573 798 1635 in
857 1578 982 1632 tres
1052 1570 1285 1631 classes
1340 1565 1584 1629 dividit.
1654 1589 1717 1626 α
1768 1564 2017 1641 molles,
2077 1563 2243 1627 nullo
2307 1567 2643 1643 tegumento

428 1681 788 1764 ‘praedito-s,
836 1686 906 1740 ut
942 1677 1161 1758 l⁰l59⁰5
1197 1675 1408 1755 sepia,
1445 1675 1709 1755 polypus
1748 1685 1837 1751 (c.
1885 1673 2210 1748 45-4913
2252 1675 2314 1751 β.
2339 1672 2643 1748 loma-stas,

444 1791 668 1856 crustis
709 1786 984 1850 tenuibus
1027 1791 1331 1849 contectas
1378 1793 1469 1861 (c.
1521 1783 1600 1845 50
1649 1798 1722 1864 sq
1728 1791 1809 1860 J
1793 1828 1811 1859 ‚
1871 1804 1929 1862 γ.
1976 1780 2239 1843 conchas
2264 1782 2395 1858 ⁹2),
2447 1779 2642 1844 testis

404 1920 413 1927 ·
452 1899 776 1963 conclusas
818 1896 991 1958 duris
1050 1904 1135 1970 (c
1179 1894 1258 1955 52
1304 1902 1453 1972 sq..)
1542 1891 1708 1965 Quos
1752 1891 1853 1953 ubi
1896 1896 2245 1971 persecuti&
2287 1895 2420 1967 est,
2461 1905 2639 1953 more

406 2030 421 2039 -
446 2024 556 2069 suo
612 2006 809 2067 multis
882 2005 1093 2065 alienis
1130 2001 1498 2081 interpositis
1544 2018 1597 2061 c.
1640 2000 1719 2061 67
1764 2000 2029 2061 breviter
2079 1997 2156 2061 de
2193 1997 2476 2063 sensibus
2531 1999 2635 2078 pi-

446 2116 638 2179 scium
682 2114 742 2174 et
787 2110 1006 2173 deinde
1056 2109 1211 2171 αδδ
1248 2109 1327 2169 de
1369 2109 1443 2169 iis
1483 2107 1879 2168 animantibus
1929 2107 2073 2188 agit,
2115 2123 2273 2186 quae
2318 2124 2431 2169 nos
2475 2118 2640 2171 zoo-

445 2224 624 2306 phyta
665 2221 1027 2303 appellamus
1056 2219 1164 2295 Ψ).
1249 2217 1427 2293 Tum,
1498 2218 1668 2296 quasi
1715 2214 2117 2279 canicularum
2149 2214 2380 2278 ,oblitus
2421 2214 2498 2279 ad
2535 2215 2635 2294 pi-

406 2574 417 2580 ι
521 2535 613 2606 91)
651 2537 959 2589 Aristoteles
1002 2545 1327 2589 cataceorum
1364 2543 1596 2587 naturam
1630 2534 1848 2595 minime
1893 2532 2181 2601 ignorabat.
2262 2533 2342 2584 Cf.
2391 2531 2451 2609 H:
2488 2533 2552 2585 A.
2590 2534 2637 2598 1,

655 2631 705 2682 5.
737 2632 816 2681 11.
839 2631 899 2694 V,
918 2633 965 2683 5.
990 2631 1203 2707 vum„
1232 2634 1272 2682 A
1300 2630 1529 2708 piscibus
1568 2628 1697 2679 haec
1732 2629 1945 2699 κητώδη
1989 2628 2305 2681 secernenda
2348 2644 2468 2680 esse
2507 2644 2637 2679 cen·

645 2725 806 2790 sebai,
843 2726 1035 2797 quippe
1071 2741 1205 2792 quae
1245 2725 1432 2775 animal
1470 2732 1713 2791 parerent
1747 2732 1798 2773 et
1834 2722 2162 2790 pulmonibus
2203 2724 2477 2790 spirarent.
2529 2723 2635 2797 Sed

652 2829 860 2888 propter
900 2802 1202 2871 exteriorem
1246 2820 1472 2870 habitum
1514 2835 1575 2870 ea
1630 2834 1733 2869 non
1772 2834 1927 2870 ausus
1977 2831 2055 2870 est
2092 2819 2278 2869 animal
2315 2818 2637 2886 parientibus

647 2916 998 2968 adnumerare.
1038 2916 1136 2981 Qui
1177 2924 1354 2983 postea
1394 2916 1458 2966 de
1490 2914 1718 2982 piscibus
1743 2915 2075 2981 scripserunt,
2102 2913 2438 2991 Aristotelem
2468 2915 2641 2966 etPli-

644 3013 782 3062 nium
804 3008 1124 3078 potissimum
1147 3013 1330 3075 secuti,
1370 3020 1580 3062 cetacea
1618 3025 1717 3061 una
1738 3026 1851 3061 cum
1893 3010 2118 3077 piscibus
2155 3004 2461 3060 tractavere.
2483 3014 2637 3065 Wot-

658 3102 828 3158 tonius
871 3110 942 3176 (a.
984 3109 1141 3177 1555)
1181 3115 1232 3157 ct
1272 3106 1456 3172 Rayus'
1483 3110 1557 3176 (a.
1601 3104 1759 3175 1640)
1799 3106 1949 3172 primi
1983 3106 2094 3157 ausi
2136 3111 2286 3169 sunt,
2355 3094 2576 3159 cetaeea‘
2603 3121 2651 3165 a,
2719 3181 2724 3186 .

651 3200 879 3266 piscibus
914 3214 1148 3250 seorsum
1182 3207 1421 3251 tractare.
1485 3200 1775 3252 Brissunius
1812 3199 1999 3251 deiude
2036 3198 2248 3251 saeculo
2285 3200 2635 3268 practer-tapso

654 3293 766 3347 fere
802 3293 971 3347 medio
1011 3291 1219 3358 longius
1263 3307 1571 3359 progressus
1625 3302 1947 3344 cetaceorum
1996 3295 2255 3360 propriam
2295 3293 2514 3347 classem
2553 3297 2635 3346 in-

650 3396 729 3443 ter
767 3387 954 3438 animal
991 3388 1246 3453 parientia
1282 3395 1334 3437 et
1376 3402 1500 3437 aves
1538 3389 1755 3453 posuit,
1807 3389 1953 3438 cuius
2003 3387 2228 3457 denique
2273 3391 2510 3457 vestigiis
2548 3391 2637 3442 in-

653 3500 863 3553 gressus
886 3484 1162 3546 LinnaeuS,
1200 3484 1279 3533 vir
1314 3485 1497 3537 summi
1532 3484 1727 3551 ingenii
1772 3498 1832 3535 ac
1869 3486 1983 3535 miri
2024 3485 2289 3549 acuminis,
2334 3486 2417 3537 cui
2459 3488 2635 3537 scien-

643 3583 716 3633 tia
754 3578 1000 3631 naturalis
1039 3578 1257 3645 plurima
1293 3578 1506 3642 debet„
1544 3587 1755 3631 cetacea
1817 3579 1975 3633 classi
2016 3581 2357 3633 mammalium
2395 3581 2626 3633 inseruit.

645 3675 726 3727 Cf.
769 3677 893 3743 Spix
928 3674 1154 3741 „Gesch-
1182 3674 1285 3727 ⁴fler
1320 3675 1528 3742 aoelog.
1567 3658 1839 3740 Systeme“
1881 3691 1931 3742 p.
1977 3677 2096 3731 122.

514 3798 607 3867 92)
644 3796 836 3849 Plinius
875 3798 1143 3865 distinguit
1178 3803 1404 3847 testacea
1443 3796 1660 3847 durioris
1696 3804 1749 3847 et
1789 3796 2000 3848 siliceae
2040 3805 2221 3861 testae,
2264 3813 2397 3866 quae
2430 3799 2635 3850 Aristo-

651 3890 783 3942 teles
818 3900 1000 3943 cuncta
1029 3893 1111 3962 (H.
1139 3895 1197 3943 A.
1219 3892 1260 3955 l,
1284 3889 1437 3954 6.1v,
1477 3894 1525 3955 1,
1550 3892 1608 3962 4)
1642 3892 1849 3942 nomine
1885 3892 2314 3966 ὀστρακόδερμα
2350 3894 2631 3945 coniunxit.

519 4003 610 4075 93)
654 3984 853 4066 lx,68':
910 4002 1159 4070 Equidem
1199 4012 1251 4055 et
1286 4004 1363 4054 his
1391 4005 1565 4054 inesse
1603 4020 1809 4055 sensum
1856 4004 2089 4069 arbitror,
2132 4020 2266 4073 quae
2306 4020 2477 4073 neque
2515 4007 2633 4056 ani·-

664 4098 899 4161 malium,
943 4115 1113 4166 neque
1151 4099 1408 4163 fruticum,
1446 4099 1535 4150 sed
1579 4101 1779 4153 tertiam
1822 4099 2073 4168 quandam
2117 4117 2180 4152 ex
2216 4110 2434 4169 utroque
2474 4109 2627 4153 natu·-

666 4211 771 4245 ram
809 4194 1016 4257 habent,
1060 4195 1234 4245 urticis
1289 4195 1402 4245 dico
1461 4203 1512 4245 et
1550 4198 1800 4263 spongiis,
1831 4208 1838 4217 ·
1875 4192 1955 4247 cf.
1996 4198 2150 4248 Arist.
2195 4194 2255 4253 ll.
2295 4198 2355 4250 A.
2399 4196 2535 4261 vm,
2579 4201 2626 4250 1.

649 4289 733 4354 IV,
774 4290 821 4356 7,
848 4293 892 4340 1.
931 4290 996 4343 de
1032 4297 1162 4357 part.
1200 4291 1402 4342 animal.
1444 4291 1533 4355 IV,
1572 4293 1618 4345 5.

2783 2992 2789 3063 Ι
