2809 4792
1275 424 1375 439 ...-
1484 386 1763 455 13--

428 574 716 639 historias
759 572 1044 652 deinceps
1089 571 1509 652 persequitur,
1551 584 1742 650 usquc
1784 568 1862 633 ad
1906 582 1963 631 c.
2016 571 2098 633 59
2123 616 2140 646 ‚
2183 586 2299 650 quo
2343 568 2614 650 quadro..

435 684 684 766 pedibus
733 684 929 745 hieme
972 681 1293 744 latentibus
1336 681 1574 760 viperas
1620 686 1681 741 et
1719 678 2006 743 cochleas
2053 679 2274 755 adiicit,
2317 688 2470 760 quais
2513 680 2611 743 la·-

428 801 638 857 eerwe
685 796 986 874 excipiunt
1040 811 1093 854 c.
1139 790 1242 854 ὅθ.
1327 790 1480 855 Hinc
1521 789 1597 855 ad
1658 787 1935 853 animalia
1997 787 2326 851 domestica
2373 791 2611 866 transit,

433 918 686 983 quorum
729 910 975 966 naturas
1006 909 1182 982 atque
1223 916 1392 964 usum
1426 902 1669 962 uberius
1709 904 2047 979 pertractat,
2083 915 2273 978 usque
2301 898 2376 959 ad
2419 898 2610 960 &2792

425 1009 517 1071 De
561 1012 931 1088 animalibus,
973 1029 1125 1091 quae
1170 1011 1315 1073 dicit
1352 1010 1667 1086 semifer-a,
1711 1008 1788 1069 de
1829 1008 2035 1082 simii8‚
2080 1006 2404 1086 leporibus,
2443 1024 2612 1069 non.»

427 1115 585 1178 nulla
632 1118 837 1178 adiicit
863 1163 880 1193 ,
923 1134 1113 1198 usque
1153 1118 1231 1179 ad
1276 1135 1332 1179 c.
1375 1117 1479 1178 80.
1565 1113 1836 1193 Denique
1882 1115 2113 1177 &aditis
2157 1114 2610 1181 nonnullistre-

422 1224 538 1286 bus
601 1231 932 1287 memoratu
990 1224 1188 1307 dignis
1217 1271 1239 1303 ,
1304 1223 1614 1286 historiam
1672 1220 1752 1285 de
1811 1208 2165 1285 animalibus
2221 1225 2609 1286 terrestribus

420 1332 702 1395 absolvit.

588 1440 816 1504 Inbue
858 1459 1095 1521 quoque
1152 1440 1309 1504 libro
1369 1440 1650 1503 iudicium
1719 1454 2070 1519 rerumque,
2116 1441 2609 1519 questractavtt,

416 1552 628 1633 peritia
666 1549 867 1612 multis
924 1550 1075 1611 locis
1122 1548 1580 1626 desiderantur,
1648 1549 2023 1613 confusionis
2079 1556 2144 1611 et
2202 1547 2606 1611 festinationis

419 1661 678 1741 vestigia
714 1660 938 1739 abique
978 1664 1313 1738 apparent,
1384 1658 1538 1719 ordo
1581 1658 1841 1738 denique
1900 1660 1995 1719 vel
2066 1664 2277 1719 natura
2338 1658 2433 1717 vel
2473 1662 2605 1721 arte

412 1769 826 1850 praescriptus
879 1766 1119 1832 omnino
1168 1764 1358 1829 deest.
1444 1766 1525 1828 At
1566 1768 1778 1848 negari
1833 1769 2036 1848 nequit
2070 1812 2087 1843 ‚
2155 1766 2446 1842 Plinium,
2490 1764 2605 1829 ad:

415 1874 554 1936 ditis
613 1876 821 1954 paucis
885 1874 1370 1956 quadrupedibus
1441 1875 1753 1937 Aristoteli
1825 1873 2022 1937 adhuc
2090 1874 2349 1955 ignaua,
2405 1873 2607 1937 histo-

417 1983 568 2044 riam
618 1983 958 2045 animalium
1000 1986 1241 2045 auxisse
1287 1992 1347 2045 et
1379 1994 1800 2063 nonnunquam
1839 1983 2060 2064 aliquid
2096 1983 2240 2045 novi
2277 1982 2602 2049 adiecisse.

412 2090 535 2152 Sed
607 2108 782 2170 quum
858 2108 1042 2170 prava
1111 2091 1209 2152 illa
1297 2091 1703 2172 distinguendi
1787 2093 2022 2154 ratione
2089 2098 2356 2153 uteretur
2384 2135 2401 2166 ‚
2467 2088 2603 2155 fieri

298 2230 305 2237 ·
416 2217 543 2263 non
588 2201 819 2281 potuit,
882 2201 1025 2280 quin
1077 2199 1355 2261 animalia
1399 2200 1638 2263 diversa
1688 2199 2124 2274 confunderet,
2169 2205 2235 2261 ut
2277 2198 2494 2261 animat
2541 2203 2605 2261 et

417 2326 535 2371 ova
593 2310 935 2389 parientia,
1001 2325 1155 2387 quae
1198 2307 1424 2370 alienis
1477 2310 1832 2388 saepissime
1893 2307 2048 2370 locis
2093 2309 2465 2388 ¹interposuit
2489 2309 2601 2382 ⁶⁷).

414 2419 737 2498 Denique,
801 2426 865 2479 ut
926 2418 1187 2480 sterilem
1241 2419 1550 2480 materiam
1614 2420 1875 2479 variaret
1929 2424 1996 2478 et
2046 2417 2396 2497 quibusdam
2449 2435 2602 2479 nar-

420 2525 880 2591 ratiuncularum
936 2528 1482 2607 sententiarumque
1546 2527 1878 2607 insignibus
1951 2527 2122 2606 quasi
2191 2526 2600 2605 distingueret,

412 2651 519 2697 res
560 2653 597 2695 a
640 2636 895 2697 scientia
937 2634 1187 2697 naturali
1229 2634 1459 2697 alienas
1506 2638 1686 2699 rebus
1750 2634 2012 2717 physicis
2063 2633 2456 2697 intermiscuit
2483 2637 2599 2711 ⁰⁸),

416 2742 538 2806 Res
580 2743 919 2805 animalium
946 2749 1237 2819 naturam,
1279 2745 1458 2805 vitam
1500 2751 1562 2805 et
1601 2761 1802 2806 mores
1839 2744 2234 2825 explicantes,
2279 2744 2596 2805 maximam

416 2854 643 2929 partem
682 2865 760 2909 ex
801 2849 1140 2911 Aristotelis
1187 2856 1247 2910 et
1286 2847 1680 2928 Theophrasti
1723 2848 1910 2911 ,tibris
1977 2869 2165 2930 saepe
2225 2851 2303 2912 ad
2354 2852 2598 2915 verbum

415 2956 794 3021 transtulisse
838 2963 940 3018 aut
985 2958 1161 3019 etiam
1200 2975 1238 3018 e
1275 2957 1668 3037 scriptoribus
1700 2957 1947 3035 Latinis,
1997 2962 2094 3037 qui
2140 2958 2380 3021 illorum.
2411 2959 2599 3021 libros

422 3066 505 3128 de
544 3065 900 3135 animalibus
942 3065 1002 3128 in
1045 3084 1213 3128 usum
1258 3084 1429 3128 suum
1474 3072 1940 3143 converterant,
2001 3067 2384 3145 excerpsisse
2425 3067 2602 3129 vide-

420 3180 532 3235 tur.
618 3172 740 3234 Sed
786 3190 960 3251 quum
1004 3173 1171 3232 malis
1210 3174 1601 3249 auctoribuS,
1663 3174 1934 3250 etesiae,
1990 3174 2406 3253 Megastheni‚
2468 3172 2600 3239 aliis

416 3279 675 3342 eandem
746 3285 927 3358 atque
1001 3279 1434 3358 probatissimis
1501 3279 1676 3343 Iidem
1741 3281 2004 3357 haberet,
2075 3281 2350 3343 animalia
2426 3281 2599 3345 l'ahu..

423 3390 551 3452 to‘sa
593 3395 654 3450 et
697 3395 982 3463 monstra,
1031 3408 1107 3450 ex
1150 3388 1581 3469 imaginatione
1617 3388 1710 3449 vel
1753 3391 2089 3470 ignorantia
2115 3391 2404 3452 viatorum
2453 3407 2602 3470 pro,-

420 3497 784 3576 fecta‚.sine
829 3497 1196 3558 dubitatione
1237 3496 1582 3569 adiecitw).
1651 3498 1952 3561 Viator-um
1997 3506 2190 3561 autem
2234 3514 2430 3563 rerum
2480 3517 2598 3567 ria-.-

422 3613 589 3667 turae
634 3607 1036 3687 imperitorum
1084 3604 1469 3680 credulitate,
1543 3605 1785 3667 fictione
1827 3613 1887 3667 et
1930 3607 2369 3686 vaniloquentia
2418 3609 2597 3670 multa

423 3715 483 3776 in
531 3721 795 3777 veterum
843 3715 1147 3776 historiam
1211 3714 1535 3774 naturalem
1599 3720 1842 3794 recepta
1911 3732 2048 3776 esse
2115 3716 2431 3795 animalia,
2499 3716 2598 3777 vel

422 3824 619 3905 potius
669 3830 974 3902 monstra,
1035 3839 1189 3904 quae
1233 3822 1292 3885 in
1340 3838 1538 3883 rerum
1579 3830 1793 3884 natura
1856 3830 1957 3884 aut
1999 3826 2241 3885 omnino
2295 3842 2416 3887 non
2461 3827 2601 3887 exi-

442 4077 447 4081 ·
493 4068 589 4139 67)
624 4068 704 4120 ct.
742 4068 874 4131 mv,
913 4069 994 4121 13.
1043 4070 1121 4120 ιιι.
1158 4071 1243 4123 33.
1281 4070 1369 4122 35.
1410 4070 1491 4121 37.
1525 4070 1613 4123 38.
1647 4068 1736 4121 48.
1773 4070 1860 4122 49.
1900 4072 1989 4123 51.
2029 4072 2111 4126 59.
2133 4072 2227 4126 so.

495 4166 589 4236 es)
620 4165 706 4224 cf,
740 4165 876 4228 vm,
913 4165 965 4218 6.
1004 4166 1090 4219 πα.
1118 4166 1204 4218 41.
1241 4168 1325 4218 αα.
1365 4165 1453 4217 43.
1477 4165 1579 4217 .73.
1622 4165 1705 4221 74.
1754 4167 1842 4220 aa.
1879 4167 1968 4219 aa.

498 4260 591 4334 σο)
628 4259 712 4312 cr.
748 4259 883 4326 vm,
929 4262 1010 4312 11.
1052 4262 1131 4313 13.
1177 4262 1255 4319 ιιι.
1292 4261 1380 4317 30.
1424 4263 1509 4313 31.
1542 4262 1749 4314 3233.
1794 4222 1879 4317 aa.
1914 4263 1999 4315 57.
