2809 4792
1068 385 1555 458 ..w-

243 554 591 653 Aristotele,
634 575 876 655 ‘saepius
922 573 999 636 ad
1034 575 1274 637 verbum
1316 575 1611 637 transtulit
1634 578 1767 652 ¹⁰⁷),
1811 572 2263 636 sednonn'nllas
2301 590 2419 638 πο-

245 673 359 745 ἧκες
404 700 481 744 ex
526 684 662 745 aliis
704 681 1086 760 auctoribus,
1155 700 1403 764 quorum
1453 683 1686 762 quidem
1731 682 1879 745 fides
1921 689 2236 762 suspecta,
2307 700 2423 746 nec

242 793 321 855 ita
397 769 599 873 magni
643 790 940 855 lfacienda
981 792 1249 870 videtur,
1317 798 1634 872 excerptas
1696 791 2153 854 observationes
2194 793 2423 854 'inter-

235 900 375 963 dum
449 901 791 962 interiicere
841 916 962 962 non
1022 900 1237 963 omisit.
1325 901 1515 974 Quum
1587 918 1734 964 vero
1800 900 2141 980 plerumque
2184 914 2421 979 remur,

248 1027 399 1090 quas
442 1015 677 1088 tractat,
719 1010 1026 1089 imperitus
1072 1016 1391 1095 appareat,
1437 1025 1549 1070 nec
1588 1009 1825 1090 propria
1869 1011 2086 1071 nitatur
2126 1009 2425 1071 observa»-

237 1121 446 1196 ti‘one‚
494 1119 846 1198 saepissime
891 1118 1089 1200 lapsus
1129 1125 1237 1180 est.
1325 1118 1576 1180 Romani
1621 1118 1734 1198 ipsi
1780 1134 1925 1180 aves
1975 1118 2182 1195 feras,
2230 1133 2424 1179 exce·-

243 1229 360 1307 ptis
403 1227 706 1290 nonnullis
747 1227 1193 1308 generibusex
1232 1207 1342 1290 usu
1383 1233 1445 1288 et
1487 1234 1773 1308 augurum
1805 1228 2060 1290 scientia
2108 1227 2251 1288 satis
2286 1225 2426 1287 obl-

244 1343 335 1398 ter
379 1336 676 1418 cognitiS,
746 1338 847 1398 vix
892 1325 1192 1397 levissima
1240 1336 1569 1399 attentione
1614 1334 1830 1416 dignas
1875 1334 2173 1397 babuisse·
2210 1333 2427 1396 viden-

245 1451 353 1526 tur,
401 1444 747 1507 domesticis
789 1460 947 1507 vero·
987 1451 1230 1525 propter
1257 1441 1591 1521 utilitatem,
1634 1459 1808 1523 quarn
1856 1445 2237 1523 praeberent,
2288 1459 2421 1504 ma-

237 1555 428 1614 iorem
474 1553 870 1615 adhibuerunt
917 1570 1142 1616 curam.
1229 1554 1534 1635 Augurum
1580 1554 1834 1614 scientia
1892 1558 1953 1613 et
1990 1550 2246 1613 Etrusca
2292 1548 2423 1615 dis·-

239 1664 594 1744 ciplina108)
640 1665 1043 1743 superstitioni
1089 1664 1301 1746 magiS,
1341 1681 1515 1744 quam
1561 1661 1917 1725 accuratiori
1963 1661 2158 1724 avium
2203 1659 2424 1740 cogni-

235 1773 384 1834 tioni
446 1773 719 1834 serviens
755 1775 921 1852 ¹⁰⁹),
981 1772 1055 1834 ad
1123 1771 1462 1852 augendam
1536 1773 1996 1850 ornittmtnginm
2068 1770 2417 1846 permissum!

242 1880 532 1957 contulit,
596 1897 889 1962 quumque
961 1881 1116 1942 inter
1172 1898 1435 1962 augures
1491 1898 1592 1940 ne·
1632 1881 1706 1941 de
1768 1882 2108 1938 nominibus
2181 1878 2421 1958 quidem

243 1991 456 2052 avium'
506 1990 859 2051 convenerit
917 2001 1244 2069 eorumque
1309 1988 1557 2050 scientia
1618 2005 1940 2068 pancorum
1996 1994 2157 2046 esset
2225 1986 2421 2046 lierni-

237 2117 421 2176 num,
481 2097 607 2160 lieri
668 2115 787 2159 non
844 2097 1075 2177 potuit,
1139 2098 1280 2178 quin
1338 2115 1470 2159 cum
1515 2098 1641 2178 ipsa
1704 2118 1764 2158 re.
1812 2098 2048 2158 numine
2112 2098 2413 2174 paullatim

229 2209 294 2269 in
338 2204 701 2267 oblivionem
750 2206 1137 2278 abirent¹¹⁰).
1229 2206 1376 2268 Hinc
1420 2206 1634 2268 Plinius
1668 2210 1928 2282 queritur
1956 2210 2112 2280 ¹191:
2161 2204 2409 2278 Quidam

229 2321 370 2402 post
428 2315 681 2376 Mucium
738 2331 1025 2395 augurem
1087 2314 1433 2393 sanqualem
1516 2321 1576 2376 et
1635 2316 2004 2376 itnrnusultnn
2068 2317 2227 2374 risos
2293 2330 2413 2374 nnn

257 2500 404 2513 *

285 2619 402 2691 107)
439 2619 520 2670 Gl'.
548 2618 758 2687 Glogeri
797 2619 1001 2672 dissert.
1034 2619 1098 2670 de
1135 2620 1314 2673 avibus
1355 2619 1419 2671 ab
1440 2618 1723 2672 Aristotele
1762 2621 2170 2672 commemoratis
2200 2635 2344 2687 spec.
2370 2621 2412 2672 1.

433 2715 636 2766 vratisl.
680 2715 829 2768 1830.
870 2715 974 2768 lam
1017 2731 1152 2767 anno
1176 2714 1460 2768 MDXLllll
1497 2715 1769 2780 Turnerus,
1808 2717 2036 2768 medicus
2078 2716 2416 2782 Britannicus,

436 2811 868 2876 comparationem
906 2811 1077 2862 avium
1111 2811 1552 2864 Aristotelicarum
1592 2821 1643 2863 et
1664 2811 2003 2878 Plinianarum
2041 2804 2273 2886 instituit.
2324 2811 2415 2888 ‚¹⁴¹-

442 2904 534 2955 ber
563 2906 692 2968 eius,
719 2905 873 2956 hodie
893 2906 1085 2957 nullius
1122 2905 1325 2974 quidem
1349 2909 1519 2973 pretii,
1557 2905 1649 2957 sed
1680 2922 1821 2957 rarus
1840 2916 1892 2958 et
1926 2921 2018 2973 pro
2051 2907 2143 2956 illo
2182 2915 2413 2973 tempore

427 3000 771 3051 memorabilis
820 3001 1006 3067 prodiit
1045 3000 1293 3051 Coloniae
1333 3001 1469 3068 apud
1505 3000 1545 3051 1.
1578 2995 1878 3067 Gymnicum
1899 3039 1916 3066 ‚
1973 3009 2025 3051 et
2085 2990 2321 3052 servatur
2357 3003 2411 3052 in

436 3094 556 3147 bibl.
596 3094 737 3147 acad.
784 3097 990 3148 Boruss.
1031 3096 1296 3148 Rhenana.

253 3199 393 3270 ⁶108)
430 3198 620 3250 Plinius
644 3202 703 3264 X,
738 3201 830 3251 17:
877 3202 1003 3252 Sunt
1045 3209 1312 3267 praeterea
1350 3196 1842 3266 complui-a‘genera
1873 3198 2077 3266 depicta
2115 3200 2166 3250 in
2197 3198 2412 3252 Etrusca

427 3295 714 3362 disciplina.
801 3296 901 3348 Sed
941 3295 1032 3347 ulli
1074 3311 1174 3346 non
1217 3297 1363 3346 visa:
1428 3311 1560 3363 quae
1598 3311 1734 3345 nunc
1790 3292 2048 3346 defecisse
2095 3297 2276 3346 mirum
2314 3304 2411 3361 ost,

431 3406 584 3458 quum
610 3389 883 3444 ,abundent
921 3392 1090 3454 etiam,
1131 3407 1264 3459 quae
1301 3391 1421 3458 gula
1462 3391 1679 3441 humana
1734 3391 2025 3458 populatur.
2096 3391 2173 3442 De
2210 3390 2410 3456 avibus,

434 3501 566 3553 quae
607 3486 660 3535 in
698 3486 924 3552 auguriis
964 3485 1360 3548 adhibebantur,
1399 3486 1467 3535 cf.
1505 3485 1635 3537 Plin.
1677 3484 1737 3553 X,
1773 3487 1824 3539 6.
1861 3488 1909 3540 7.
1952 3485 2031 3538 14.
2078 3487 2157 3536 15.
2200 3487 2279 3538 16.
2317 3485 2404 3536 20.

434 3579 519 3632 34.
601 3583 758 3632 Varro
796 3581 849 3632 L.
885 3581 940 3639 L,
984 3581 1085 3646 vl,
1120 3582 1168 3634 7.
1241 3581 1480 3632 Werther
1530 3582 1594 3633 de
1644 3582 1922 3650 auguribus
1965 3582 2221 3633 Romanis.
2276 3582 2411 3633 Her-

439 3676 566 3727 ford.
609 3677 759 3729 1835.

273 3780 396 3852 109)
436 3780 542 3832 Cic.
581 3781 646 3832 de
683 3779 783 3852 div.
822 3780 888 3845 ΙΙ,
917 3782 1019 3834 36:
1056 3781 1282 3832 Externa
1317 3781 1453 3832 enim
1494 3782 1703 3848 auguria
1734 3818 1749 3844 ‚
1814 3795 1947 3848 quae
2002 3788 2136 3832 sunt·
2161 3794 2263 3831 non
2307 3788 2409 3831 tam

438 3877 712 3927 artificiosa
741 3915 754 3940 ,
821 3892 970 3944 quam
1012 3878 1369 3943 superstitiosa
1392 3917 1404 3940 ,
1444 3877 1727 3928 videamus.
1805 3875 2049 3928 Omnibus
2085 3857 2195 3928 l'ere
2228 3875 2408 3928 avibus

429 3979 674 4035 utuntur,
713 3987 804 4020 nos
844 3971 1111 4022 admodum
1148 3973 1342 4038 paucis.

273 4072 392 4140 110)
433 4071 537 4122 lam
580 4071 727 4121 Plinii
764 4081 992 4139 tempore
1027 4075 1232 4124 nomina
1271 4061 1514 4125 nonnulla
1549 4072 1719 4123 avium
1768 4089 1832 4124 ex
1868 4073 2107 4124 Etrusca
2134 4070 2405 4138 disciplina

431 4175 485 4217 et
522 4167 697 4234 lingua
734 4177 942 4235 recepta
979 4184 1078 4221 non
1121 4169 1340 4235 amplius
1375 4158 1813 4235 intelligebantur,
1872 4176 1928 4218 ut
1960 4164 2251 4232 spinturnix
2289 4166 2403 4216 sive

430 4260 742 4313 incendiaria
775 4266 904 4328 avis,
946 4264 1118 4329 clivia,
1145 4264 1302 4316 subis.
1341 4263 1423 4315 cf.
1466 4279 1511 4314 c.
1559 4262 1617 4315 17
1657 4256 1710 4314 et'
1733 4265 1785 4317 8.
1991 4263 2114 4332 111)
2155 4260 2217 4324 Χ,
2260 4261 2313 4326 8,
