2809 4792
1285 365 1376 377 -..
1480 303 1574 398 ζῆ
1673 364 1769 379 -.

453 532 592 579 esse
618 517 912 579 existimo.
964 517 1327 597 Saepissime
1372 517 1530 579 enim
1568 518 1629 580 in
1672 518 1850 580 rebus
1891 516 1969 579 de
2005 516 2359 585 animalibus
2405 522 2607 580 sudor

445 624 761 702 laudatur,
842 625 1002 687 unde
1071 625 1361 707 colligere
1425 643 1740 706 possumus
1766 678 1786 706 ‚
1845 643 1981 689 eum
2043 632 2280 706 praeter
2332 624 2611 687 historias

448 749 548 795 res
607 731 912 795 mirabiles
957 749 992 792 e
1036 749 1237 794 rerum
1280 738 1489 795 natura
1528 732 1866 815 collegisse.
1950 732 2169 796 Plinius
2222 748 2509 801 summam
2555 735 2607 795 ei

449 839 626 907 fidem
669 828 914 917 habuit,
956 847 1022 901 ut
1063 840 1222 901 multi
1263 840 1380 902 loci
1404 887 1423 916 ,
1463 841 1675 923 quibus
1728 849 1938 904 auctor
1994 842 2267 905 landatur
2291 888 2310 920 ‚
2370 841 2608 903 docent.

453 950 542 1011 Cf.
598 948 730 1027 vn,
774 950 836 1013 3.
884 948 987 1012 49.
1049 949 1221 1025 Vlll,
1265 955 1326 1018 3.
1368 948 1469 1012 76.
1513 949 1612 1014 80.
1677 949 1793 1026 ΙΧ,
1841 951 1935 1013 10.
1980 951 2080 1017 31.
2126 951 2225 1012 41.
2267 950 2378 1013 85.
2446 947 2499 1011 Χ
2549 950 2607 1010 in

451 1057 576 1126 ind.
615 1058 721 1136 XI,
757 1056 859 1121 63.
941 1056 1117 1120 Adde
1161 1057 1261 1135 ΙΙΙ,
1308 1058 1365 1121 9.
1429 1059 1526 1137 IV,
1573 1060 1633 1121 2.
1677 1055 1776 1121 24.
1819 1058 1890 1136 V,
1937 1060 1996 1120 9.
2042 1059 2141 1123 20.
2179 1054 2287 1122 34.
2338 1056 2441 1120 36.
2491 1057 2608 1134 Xll,

455 1166 516 1234 5.
561 1166 714 1244 Xlll,
757 1167 860 1228 27.
897 1165 1049 1241 xlv,
1088 1164 1152 1228 6.
1199 1165 1353 1244 XVI,
1402 1166 1504 1230 79.
1569 1165 1730 1243 ΧΙΧ,
1769 1169 1823 1230 9.
1884 1166 2040 1240 XXI,
2094 1169 2188 1230 17.
2248 1164 2517 1238 xxvm,
2556 1167 2608 1227 5.

452 1274 667 1350 XXXI,
715 1274 808 1336 13.
863 1273 955 1337 16.
1013 1274 1258 1351 ΧΧΧΙΙ,
1303 1276 1402 1339 21.
1457 1274 1736 1359 XXXIV,
1787 1276 1883 1340 17.
1930 1276 2170 1352 XXXV,
2209 1271 2308 1339 46.
2358 1274 2611 1353 XXXVI,

453 1383 553 1446 27.
598 1382 696 1444 29.
1890 1433 1896 1439 .
2381 1414 2388 1421 ·

615 1489 736 1552 lam
779 1489 858 1553 ad
902 1491 1303 1573 agriculturae
1343 1492 1685 1572 scriptoreS,
1725 1510 1762 1555 e
1806 1492 2019 1574 quibus
2066 1492 2395 1573 praecipue
2441 1491 2504 1553 in
2543 1504 2609 1552 ea

453 1603 624 1680 parte
645 1642 665 1674 ,
727 1614 881 1678 quae
942 1598 1021 1661 de
1084 1599 1435 1663 domesticis
1500 1598 1850 1663 animalibus
1905 1601 2040 1683 agit
2064 1647 2082 1680 ,
2150 1600 2329 1665 multa
2393 1599 2612 1677 hausit,

455 1711 850 1769 transeamuS.
2133 1724 2140 1731 “

619 1815 696 1879 Μ.
732 1815 979 1878 Porcius
1001 1814 1151 1881 Cato
1182 1814 1512 1878 Censorius
1545 1817 1681 1893 ¹⁵⁰),
1730 1816 1896 1879 cuius
1939 1817 2351 1879 auctoritatem
2395 1813 2617 1877 maximi

455 1921 620 1999 fecit,
644 1923 901 1986 omnium
919 1924 1342 1999 Romanorum,
1367 1921 1566 2003 quide
1591 1940 1657 1985 re
1680 1925 1900 1986 rustica
1924 1916 2310 2008 scripserunt,
2335 1923 2613 2003 antiquis-

455 2032 648 2094 simus
672 2002 1094 2108 hahetur-,¹⁶¹1
1176 2032 1232 2093 A
1263 2029 1449 2092 Plinio
1491 2030 1684 2092 multis
1724 2030 1880 2093 locis
1914 2048 2289 2113 summopere
2331 2030 2610 2096 laudatur.

455 2138 748 2201 Catonum
777 2139 876 2202 ille
903 2140 1144 2220 primus»,
1185 2138 1375 2219 inquit
1410 2143 1544 2216 ¹⁶²),
1588 2138 1879 2218 triumpho
1912 2146 1971 2199 et
2001 2158 2254 2202 censura
2291 2157 2478 2220 super
2515 2157 2613 2200 ce-

422 2304 427 2311 ,
457 2254 589 2312 tera
630 2226 904 2331 insignis,
944 2249 1137 2330 magis
1175 2254 1376 2309 tamen
1404 2248 1719 2311 etiamnum
1757 2247 2021 2309 claritate
2051 2248 2403 2326 litterarum,
2448 2263 2612 2328 prae-

458 2358 769 2438 ceptisque
814 2357 1074 2419 omnium
1119 2367 1318 2418 rerum
1377 2355 1841 2436 expetendarum
1886 2355 2040 2418 datis
2080 2357 2292 2437 generi
2333 2357 2613 2430 Romano,

458 2463 618 2527 inter
655 2465 844 2545 prima
884 2481 1031 2527 vero
1079 2481 1287 2546 agrum
1330 2462 1615 2542 colendi,
1655 2463 1808 2526 illius
1851 2466 1988 2526 aevi
2033 2464 2424 2527 confessione
2469 2464 2612 2545 opli-

664 2699 780 2743 tore
827 2692 999 2759 lapsas
1050 2695 1364 2762 (muraenas)
1423 2692 1610 2759 vulgus
1663 2693 1805 2743 coitu
1843 2693 2157 2760 serpentium
2206 2691 2412 2760 impleri
2461 2696 2604 2759 putat.

665 2786 950 2843 Schneider
1000 2784 1063 2838 ad
1102 2787 1300 2840 Aelian.
1340 2788 1411 2838 IX
1432 2825 1447 2850 ‚
1488 2786 1558 2841 66
1613 2787 1835 2841 fabulum
1881 2788 2149 2839 absurdam
2187 2796 2250 2839 ex
2287 2787 2610 2839 similitudine

665 2881 893 2948 corporis
927 2897 1200 2933 muraenae
1238 2897 1353 2933 cum
1388 2890 1628 2948 serpente
1668 2889 1830 2939 ortam
1862 2882 2146 2939 arbitratur.
2218 2883 2285 2936 At
2320 2891 2410 2936 ant
2447 2881 2604 2943 fallor,

667 2984 757 3028 aut
790 2975 935 3028 locus
972 2975 1263 3029 Aristotelis
1303 2978 1365 3042 V,
1403 2978 1439 3028 4
1474 2976 1608 3029 male
1646 2977 1939 3028 intellectus
1974 2977 2178 3029 fabulae
2229 2978 2477 3045 originem
2524 2975 2607 3025 de-

664 3071 753 3123 dit.
805 3073 942 3124 Dicit
982 3074 1117 3125 enim
1157 3073 1499 3126 Aristotelea}
1539 3079 1586 3128 T
1584 3069 1619 3126 ἆ
1650 3075 1695 3127 δ’
1721 3074 1907 3127 ἄποδα
1946 3079 2040 3127 καὶ
2073 3066 2267 3147 μακρὰ
2304 3082 2416 3128 τῶν
2448 3073 2605 3142 ζῴων,

666 3160 794 3221 οἷον
827 3165 994 3238 ὄφεις
1027 3183 1083 3220 τε
1120 3173 1215 3220 καὶ
1251 3170 1563 3240 σμύραινα,
1598 3169 2056 3240 περιπλεκόμενοι
2079 3179 2194 3228 τοῖς
2228 3168 2443 3226 emto«,-
2475 3161 2606 3234 πρὸς

556 3288 561 3297 ·
663 3256 732 3313 τὰ
772 3258 962 3313 ὕπτια.
1037 3262 1340 3313 Aristoteles
1376 3264 1512 3314 enim
1574 3252 1677 3314 non
1725 3278 1823 3313 una
1872 3264 2046 3327 coire,
2081 3263 2172 3313 sed
2211 3263 2442 3315 similiter
2477 3263 2602 3311 coire

664 3370 934 3408 muraenas
975 3363 1029 3406 et
1064 3365 1329 3422 serpentes
1365 3357 1598 3420 affirmat.
1673 3358 1973 3422 Archelaus,
2014 3357 2288 3411 Alexandri·
2324 3359 2394 3423 M„
2427 3369 2605 3424 aequa-

663 3450 730 3502 lis
786 3451 879 3521 (cf,
920 3449 1181 3502 Iacobsius
1232 3452 1435 3503 Anthol.
1487 3452 1659 3509 Gna-T.
1697 3453 1817 3506 xm
1866 3470 1914 3521 p.
1952 3453 2098 3525 856),
2158 3462 2334 3504 auctor
2384 3450 2609 3502 carminis.

660 3549 889 3620 ἰδιοφυῆ
942 3548 1174 3613 inscripti
1227 3547 1318 3616 (cf.
1355 3549 1506 3616 Diog.
1543 3549 1597 3604 1..
1639 3548 1718 3612 11,
1754 3547 1824 3612 4,
1869 3550 1950 3602 16.
1996 3548 2113 3618 17),
2162 3547 2298 3616 quod
2345 3548 2501 3598 multa
2551 3543 2610 3593 de

665 3643 971 3696 animalibus
1004 3628 1177 3711 deque
1207 3651 1419 3695 naturae
1458 3644 1713 3696 miraculis
1750 3643 2202 3711 complectebatur,
2238 3643 2387 3694 huius
2410 3651 2600 3710 quoque

602 3764 609 3773 ι
660 3736 900 3803 fabulae,
948 3754 1107 3807 quam
1159 3741 1366 3806 poetice
1417 3742 1684 3792 exornavit
1708 3780 1721 3805 ,
1780 3749 1959 3792 auctor
2014 3739 2183 3791 fuisse
2225 3738 2444 3788 videtur.
2533 3730 2607 3784 Cf..

546 3870 551 3875 ·
661 3831 835 3893 Schol.
888 3833 955 3885 ad
999 3833 1214 3893 Nicand.
1262 3834 1495 3888 Theriac.
1527 3818 1654 3888 823.
1732 3835 1863 3888 Vide
1909 3833 2161 3887 Lobeckii
2211 3830 2604 3900 Aglaophamum.

662 3942 711 3993 p.
751 3926 855 3984 748
889 3942 966 3995 sq.
1651 3952 1656 3961 ‚
1722 3915 1725 3917 ’

489 4019 613 4094 150)
649 4020 728 4074 cf.
768 4021 834 4073 Μ.
875 4021 930 4078 Ρ.
975 4021 1186 4076 Catonis
1235 4024 1388 4081 Gens.
1440 4039 1575 4095 quae
1624 4032 1898 4092 supersunt
1945 4038 2161 4092 operum
2205 4022 2482 4089 fragmenta
2520 4011 2598 4069 oda

663 4117 724 4169 fl.
764 4118 828 4171 A.
862 4117 993 4169 Lion
1037 4117 1184 4171 1826.
1425 4150 1438 4163 .

500 4212 623 4284 151)
658 4211 739 4266 ef.
776 4211 978 4264 Colum.
1020 4210 1062 4278 1,
1100 4214 1148 4277 1,
1190 4212 1277 4265 12.
1490 4214 1611 4285 152)
1653 4212 1786 4277 xlv,
1825 4214 1880 4266 5.
