2809 4792
1166 482 1724 587 νιτᾸ.

1341 684 1543 703 *d-

499 807 668 861 Natus
711 823 826 860 sum
863 810 1265 876 Sarohidovict,
1306 800 1497 872 oppido
1531 800 2092 874 Borusso-Ritenano,
2131 804 2285 857 huius
2328 801 2535 859 saeculi

359 909 500 948 anno
554 898 898 963 duodecimo,
952 897 1265 966 parentibus-
1311 896 1597 944 Theodoro
1658 898 1981 961 montigny,
2035 900 2208 944 matre
2259 897 2460 944 Rosina
2497 908 2534 945 e

356 990 518 1049 gente
552 986 859 1050 Beckiana,
897 988 1002 1033 iam
1036 993 1204 1045 puero
1244 986 1588 1044 praematura
1622 987 1793 1032 morte
1828 984 2044 1044 ereptis.
2114 976 2298 1032 Fidem
2338 983 2533 1031 catho-

354 1074 514 1122 licam
555 1068 827 1136 profiteor.
901 1070 1154 1120 Undecim
1190 1081 1360 1119 annos
1396 1074 1555 1120 natus
1594 1066 1863 1119 Treveros
1896 1072 2124 1136 missus,
2174 1073 2533 1136 gymnasium,

360 1160 500 1225 quod
537 1155 966 1222 Wyttenbachfi‚
1008 1161 1108 1206 viri
1143 1159 1475 1223 dignissimi,
1522 1154 1843 1223 doctissimi,
1884 1156 2245 1223 integerrimi,
2284 1159 2536 1217 auspiciis

356 1244 601 1313 florebat,
640 1254 740 1308 per
773 1249 900 1295 octo
937 1254 1111 1295 annos
1144 1242 1506 1310 stewentavi,
1538 1246 1679 1296 unde
1721 1246 2040 1295 maturitatis
2074 1245 2378 1297 testimonio
2412 1256 2535 1291 mu-

354 1337 527 1399 nitus,
579 1337 862 1395 postquam
917 1335 1159 1394 corporis
1209 1333 1512 1385 infirmitate
1551 1335 1777 1381 coactus
1825 1342 2019 1381 annum
2069 1334 2292 1394 privatis
2341 1331 2533 1380 studiis

355 1423 568 1483 vacavi,
608 1426 749 1468 anno
781 1410 1257 1469 Mucccxxxiv
1296 1420 1364 1468 ad
1405 1419 1598 1468 almam
1640 1411 1934 1468 litterarum
1971 1421 2371 1468 universitatem
2405 1410 2533 1465 Fri-

354 1510 605 1557 dericiam
646 1502 999 1556 Guilielmiam
1041 1508 1352 1559 Rhenanam
1386 1516 1473 1557 me
1515 1500 1735 1573 contuli,
1774 1504 1861 1555 ubi
1898 1509 2039 1557 inter
2077 1509 2225 1556 cives
2260 1496 2534 1556 academi-

286 1580 295 1587 ’
355 1605 452 1643 cos
490 1605 525 1642 a
555 1595 838 1642 Brundisio
877 1607 933 1641 v.
967 1594 1035 1642 cl.
1080 1595 1315 1643 Rectore
1349 1592 1637 1657 magnifico
1686 1593 1891 1643 relatus
1937 1598 1993 1644 et
2030 1606 2064 1643 a
2100 1596 2336 1655 Mayero
2371 1605 2424 1640 v.
2460 1591 2531 1640 cl.

353 1681 577 1729 Decano
634 1681 1027 1743 spectatissimo
1094 1681 1424 1729 medicorum
1478 1678 1651 1729 ordini
1702 1681 1997 1741 adscriptus
2039 1672 2238 1729 scholis
2291 1679 2530 1741 philoso-

353 1760 518 1828 phicis
550 1774 657 1817 van
695 1763 942 1832 Galkeri,
980 1767 1223 1829 physicis
1260 1766 1577 1833 Trevirani,
1619 1764 1954 1833 Goldfussii,
1993 1764 2377 1830 Noeggerathii
2400 1800 2417 1833 ,
2462 1767 2529 1816 G.

352 1849 601 1903 Bischofii
620 1887 637 1920 ,
681 1867 715 1902 a
749 1855 1072 1904 Muenchow
1093 1888 1110 1921 ,
1160 1856 1377 1904 medicis
1416 1857 1636 1917 Mayeri
1657 1887 1674 1920 ,
1726 1855 1985 1921 VVeberi,
2025 1850 2288 1920 Albersii,
2327 1854 2528 1920 Nassii,

354 1940 448 1990 Th.
503 1940 771 1991 Bischoffll
822 1956 874 1990 v.
910 1955 962 1989 v.
1023 1942 1089 1992 cl.
1126 1941 1191 1990 cl.
1228 1942 1459 1991 interfui.
1549 1939 1722 2000 Quum
1773 1952 1907 2009 vero
1958 1945 2218 2002 sequente
2264 1953 2406 1990 anno
2463 1941 2533 1989 ad

352 2028 778 2089 philosophorum
826 2022 1061 2077 ordinem
1118 2032 1382 2078 transiens
1440 2026 1629 2076 studiis
1679 2028 1917 2090 physicis
1977 2030 2138 2090 atque
2192 2018 2531 2092 philologieis

356 2120 575 2177 operam
634 2114 763 2165 dare
829 2118 1254 2181 constituissem,
1295 2127 1331 2163 a
1369 2115 1616 2164 Gustavo
1645 2112 1917 2164 Bischoflo
1962 2129 2018 2164 v.
2059 2116 2129 2165 cl.
2185 2114 2530 2178 philosopho-

351 2215 499 2275 rum,
520 2204 691 2251 ordini
740 2203 1038 2264 adscriptus
1090 2204 1144 2251 et
1179 2214 1214 2250 a
1250 2202 1651 2264 Noeggerathio
1687 2210 1743 2250 v·
1779 2202 1845 2250 cl.
1890 2204 1945 2250 in
1999 2205 2338 2252 seminarium
2390 2204 2533 2266 phy-

352 2292 521 2338 sicum
579 2289 781 2338 sodalis
821 2293 1067 2352 receptus
1126 2302 1259 2339 sum.
1353 2286 1601 2351 Physicis
1651 2291 1815 2352 igitur
1869 2290 2055 2338 studiis
2107 2292 2338 2339 maxime
2384 2291 2536 2339 dedi-

350 2379 461 2441 tus,
497 2376 744 2438 quiidquid
785 2380 881 2425 otii
913 2377 1164 2441 vacabat,
1201 2374 1400 2425 scholis
1436 2375 1771 2439 philolog-icis
1807 2381 1864 2427 et
1898 2379 2140 2427 veterum
2174 2377 2392 2427 lectioni
2425 2380 2532 2426 ima-
2613 2373 2624 2377 ”

351 2465 526 2526 pendi.
563 2464 824 2526 physicas
852 2463 1067 2512 scholas
1093 2464 1228 2525 apud
1268 2464 1333 2511 G.
1376 2447 1713 2529 Bisehofium,
1751 2465 2119 2531 Treviranum,
2147 2463 2531 2526 Goldfussium,

352 2550 804 2611 Noeggerathium
851 2555 905 2598 et
946 2547 1264 2600 Pliickerum
1303 2563 1356 2597 v.
1401 2560 1453 2597 v.
1496 2550 1559 2598 cl.
1603 2548 1689 2616 eL,
1731 2544 2144 2617 philosophicam,
2176 2548 2531 2614 philologicas

352 2640 409 2686 ot
451 2638 732 2684 historicas
772 2636 910 2697 opud
943 2636 1294 2701 Brandisium,
1333 2634 1708 2699 Vvelckerum,
1746 2634 2134 2703 Heinrichlun,
2171 2637 2531 2701 mauseolum,
2613 2664 2624 2673 ο

348 2724 420 2771 A.
460 2722 526 2771 G.
564 2733 597 2771 a
631 2718 901 2787 Schlegel,
937 2722 1271 2773 Loebellium
1313 2729 1369 2771 et
1389 2718 1672 2771 strahnum
1705 2732 1759 2772 v.
1796 2735 1847 2773 v.
1886 2724 1953 2773 cl.
1989 2724 2056 2772 ol.
2096 2725 2291 2774 audivi.
2362 2727 2534 2774 Prae-

288 2844 299 2857 .
352 2814 505 2858 terea
545 2809 1016 2856 exercitationibus
1053 2812 1324 2856 seminarii
1367 2810 1575 2871 physici
1610 2821 1706 2870 per
1742 2811 1875 2858 duos
1915 2820 2085 2858 annos
2120 2823 2227 2859 non
2266 2815 2383 2860 sine
2415 2825 2535 2860 ma-

353 2908 462 2959 gno
498 2896 674 2944 fructu
716 2894 973 2960 interfui,
1042 2897 1129 2944 ubi
1170 2899 1415 2946 examine
1455 2902 1710 2957 superato
1751 2897 1939 2958 dignus
1975 2892 2183 2946 habitus
2230 2911 2382 2963 sum,
2441 2901 2533 2960 qui

353 2982 581 3033 docendi
619 2992 810 3033 munus
844 2994 1175 3033 exercerem.
1244 2983 1368 3032 Non
1417 2993 1665 3050 possum,
1704 2986 1825 3045 quin
1863 2993 2048 3034 omnes
2088 2985 2210 3033 illos
2246 2988 2394 3037 viros
2428 2987 2531 3034 do·-

352 3071 617 3118 ctissimos
654 3071 709 3117 et
745 3067 1108 3134 clarissimOS,
1145 3081 1366 3131 quorum
1403 3083 1532 3118 usus
1568 3082 1686 3117 sum
1716 3073 2068 3135 institutione,
2110 3074 2303 3134 optime
2348 3073 2411 3121 de
2444 3085 2532 3120 me

351 3157 570 3202 meritos
607 3166 750 3220 esse,
787 3157 943 3216 grato
977 3158 1170 3217 pioque
1208 3159 1384 3214 animo
1422 3155 1691 3218 profitear.
1766 3158 2033 3205 Treveros
2062 3164 2313 3206 reversus
2340 3159 2533 3207 studiis

353 3240 690 3302 philologieis
724 3243 891 3313 totum
929 3254 1014 3289 me
1044 3236 1180 3289 'dare
1215 3245 1482 3290 constitui.
1522 3240 1690 3300 Quam
1718 3242 1785 3289 ob
1820 3255 1934 3291 rem
1970 3243 2095 3291 inde
2135 3245 2202 3293 ab
2243 3249 2533 3293 auctuum«)

354 3330 479 3375 anni
512 3325 1011 3376 MDCCCXXXVII
1028 3328 1280 3393 Berolini,
1318 3341 1424 3390 quo
1451 3342 1543 3379 -me
1579 3330 1927 3396 contuleram,
1964 3343 2062 3392 per
2102 3343 2296 3380 annum
2329 3334 2534 3380 scholis

352 3413 630 3480 Boeckhii,
667 3415 1013 3480 Lachmanni,
1051 3415 1366 3485 Droysenii,
1401 3416 1889 3482 Trendelenburgi,
1927 3417 2201 3466 Rankenii
2241 3424 2297 3467 et
2336 3422 2536 3469 Bit-teri

351 3515 406 3549 v.
439 3515 491 3550 v.
537 3501 604 3550 cl.
640 3501 710 3550 cl.
752 3502 985 3551 interfui.
1056 3501 1316 3552 Examine
1354 3514 1453 3564 pro
1491 3503 1747 3552 facultate
1772 3504 1997 3552 docendi
2028 3509 2281 3566 superato
2320 3507 2532 3555 Treve-

350 3599 443 3636 ros
479 3589 649 3651 redii,
685 3589 774 3636 ubi
809 3590 864 3636 in
898 3591 1184 3652 gymnasio
1219 3601 1315 3650 per
1355 3601 1547 3637 annum
1583 3589 1704 3650 lege
1744 3591 2129 3651 praescripttun
2162 3596 2531 3654 praeceptoris

352 3689 573 3724 munere
610 3677 825 3725 functus
860 3690 995 3724 sum.
1067 3675 1184 3734 Quo
1228 3677 1615 3741 praeterlapso,
1655 3679 1714 3724 ut
1752 3680 2142 3726 accuratiorem
2178 3678 2373 3727 Gallici
2406 3692 2536 3728 ser-

350 3767 522 3812 monis
556 3763 681 3810 mihi
710 3764 952 3824 pararem
972 3766 1357 3829 cognitionem,
1396 3767 1572 3812 Metas
1593 3765 1887 3828 profectam,
1926 3765 2180 3813 discendo
2207 3770 2263 3815 et
2283 3768 2532 3816 docendo

353 3851 646 3910 occupatus
686 3862 786 3897 sex
824 3848 938 3897 fere
974 3862 1186 3898 menses
1224 3852 1353 3897 vixi.
1392 3849 1575 3910 Nuper
1613 3860 1745 3897 vero
1780 3852 1974 3898 iterum
1997 3852 2237 3899 Bonnam
2278 3854 2344 3900 ad
2376 3866 2533 3902 sum-

349 3947 469 3985 mos
503 3938 559 3983 in
593 3935 923 3997 philosophia
957 3937 1190 3984 honores
1226 3938 1326 3984 rite
1359 3937 1721 3997 impetrandos
1757 3948 1842 3985 me
1876 3937 2108 4003 contuli,
2145 3951 2215 3987 ex
2249 3951 2354 4000 quo
2389 3943 2534 3988 tem-

348 4034 482 4085 pore
516 4020 830 4086 BitscheliO,
867 4025 983 4069 viro
1013 4023 1343 4092 doctissime,
1383 4026 1629 4086 auctore,
1666 4027 1819 4071 cuius
1855 4036 2110 4073 summam
2151 4025 2534 4075 humanitatem

352 4113 606 4170 expertus
641 4121 792 4173 sum,
829 4121 962 4174 rem,
1001 4120 1138 4169 quae
1176 4111 1367 4158 studiis
1403 4122 1470 4159 ac
1508 4111 1711 4157 viribus
1745 4114 1880 4159 meis
1915 4115 2042 4172 apta
2075 4112 2374 4178 videbatur,
2412 4117 2536 4161 tra-

350 4197 595 4244 ctandam
629 4200 861 4258 suscepi,
900 4207 1219 4258 operamque
1256 4199 1311 4244 in
1350 4198 1451 4245 hac
1484 4209 1543 4245 re
1577 4199 1806 4258 positam
1840 4197 2161 4260 amplissimo
2183 4196 2536 4261 philosophe-

348 4293 466 4330 rum
499 4281 670 4330 ordini
706 4282 1039 4330 satisfecisse
1074 4283 1302 4344 gaudeo.

1495 4396 1743 4409 η....-..,--..---
1976 4383 2009 4423 ἱ
