<?xml version="1.0" encoding="UTF-8"?>
<!DOCTYPE html PUBLIC "-//W3C//DTD XHTML 1.0 Transitional//EN"
    "http://www.w3.org/TR/xhtml1/DTD/xhtml1-transitional.dtd">
<html xmlns="http://www.w3.org/1999/xhtml" xml:lang="en" lang="en">
 <head>
  <title>
</title>
<meta http-equiv="Content-Type" content="text/html;charset=utf-8" />
  <meta name='ocr-system' content='tesseract 3.04.00' />
  <meta name='ocr-capabilities' content='ocr_page ocr_carea ocr_par ocr_line ocrx_word'/>
</head>
<body>
  <div class='ocr_page' id='page_1' title='image "./quaestionesincp00montgoog_0022.png"; bbox 0 0 2809 4792; ppageno 0'>
   <div class='ocr_carea' id='block_1_1' title="bbox 1294 349 1779 420">
    <p class='ocr_par' dir='ltr' id='par_1_1' title="bbox 1294 349 1779 420">
     <span class='ocr_line' id='line_1_1' title="bbox 1294 349 1779 420; baseline -0.004 -20"><span class='ocrx_word' id='word_1_1' title='bbox 1294 349 1779 420; x_wconf 57' lang='lat'><strong>„16-</strong></span> 
     </span>
    </p>
   </div>
   <div class='ocr_carea' id='block_1_2' title="bbox 336 536 2620 2681">
    <p class='ocr_par' dir='ltr' id='par_1_2' title="bbox 455 536 2620 946">
     <span class='ocr_line' id='line_1_2' title="bbox 457 536 2619 618; baseline -0.002 -16"><span class='ocrx_word' id='word_1_2' title='bbox 457 540 666 602; x_wconf 85' lang='lat' dir='ltr'><strong>vivere</strong></span> <span class='ocrx_word' id='word_1_3' title='bbox 703 536 1033 615; x_wconf 64' lang='lat' dir='ltr'><strong>soleam),</strong></span> <span class='ocrx_word' id='word_1_4' title='bbox 1075 537 1235 601; x_wconf 88' lang='lat' dir='ltr'><strong>unde</strong></span> <span class='ocrx_word' id='word_1_5' title='bbox 1283 537 1581 616; x_wconf 77' lang='lat' dir='ltr'><strong>amphibia</strong></span> <span class='ocrx_word' id='word_1_6' title='bbox 1629 536 1921 615; x_wconf 87' lang='lat' dir='ltr'><strong>dicuntur,</strong></span> <span class='ocrx_word' id='word_1_7' title='bbox 1963 536 2174 601; x_wconf 78' lang='lat' dir='ltr'><strong>dubias</strong></span> <span class='ocrx_word' id='word_1_8' title='bbox 2215 537 2427 614; x_wconf 79' lang='lat' dir='ltr'><strong>haesit,</strong></span> <span class='ocrx_word' id='word_1_9' title='bbox 2483 537 2619 618; x_wconf 72' lang='lat' dir='ltr'><strong>qni-</strong></span> 
     </span>
     <span class='ocr_line' id='line_1_3' title="bbox 461 646 2620 712; baseline -0.003 0"><span class='ocrx_word' id='word_1_10' title='bbox 461 650 711 712; x_wconf 87' lang='lat' dir='ltr'><strong>busnam</strong></span> <span class='ocrx_word' id='word_1_11' title='bbox 758 649 1196 710; x_wconf 79' lang='lat' dir='ltr'><strong>adnumeraret.</strong></span> <span class='ocrx_word' id='word_1_12' title='bbox 1280 647 1597 708; x_wconf 87' lang='lat' dir='ltr'><strong>Praeterea</strong></span> <span class='ocrx_word' id='word_1_13' title='bbox 1654 646 1833 709; x_wconf 85' lang='lat' dir='ltr'><strong>multa</strong></span> <span class='ocrx_word' id='word_1_14' title='bbox 1895 648 2089 709; x_wconf 85' lang='lat' dir='ltr'><strong>avium</strong></span> <span class='ocrx_word' id='word_1_15' title='bbox 2166 653 2224 707; x_wconf 88' lang='lat' dir='ltr'><strong>et</strong></span> <span class='ocrx_word' id='word_1_16' title='bbox 2260 648 2620 707; x_wconf 80' lang='lat' dir='ltr'><strong>insectorum</strong></span> 
     </span>
     <span class='ocr_line' id='line_1_4' title="bbox 455 755 2617 840; baseline -0.001 -21"><span class='ocrx_word' id='word_1_17' title='bbox 455 775 686 840; x_wconf 85' lang='lat' dir='ltr'><strong>genera</strong></span> <span class='ocrx_word' id='word_1_18' title='bbox 727 757 1049 838; x_wconf 82' lang='lat' dir='ltr'><strong>praecipue</strong></span> <span class='ocrx_word' id='word_1_19' title='bbox 1088 771 1299 835; x_wconf 88' lang='lat' dir='ltr'><strong>aquam</strong></span> <span class='ocrx_word' id='word_1_20' title='bbox 1338 756 1629 833; x_wconf 90' lang='lat' dir='ltr'><strong>incolunt,</strong></span> <span class='ocrx_word' id='word_1_21' title='bbox 1670 773 1824 837; x_wconf 82' lang='lat' dir='ltr'><strong>quae</strong></span> <span class='ocrx_word' id='word_1_22' title='bbox 1864 756 1917 817; x_wconf 89' lang='lat' dir='ltr'><strong>si</strong></span> <span class='ocrx_word' id='word_1_23' title='bbox 1944 755 2056 816; x_wconf 90' lang='lat' dir='ltr'><strong>sibi</strong></span> <span class='ocrx_word' id='word_1_24' title='bbox 2099 761 2379 817; x_wconf 73' lang='lat' dir='ltr'><strong>constare</strong></span> <span class='ocrx_word' id='word_1_25' title='bbox 2418 755 2617 832; x_wconf 86' lang='lat' dir='ltr'><strong>vellet,</strong></span> 
     </span>
     <span class='ocr_line' id='line_1_5' title="bbox 456 863 1528 946; baseline -0.003 -18"><span class='ocrx_word' id='word_1_26' title='bbox 456 865 810 946; x_wconf 89' lang='lat' dir='ltr'><strong>aquatilibus</strong></span> <span class='ocrx_word' id='word_1_27' title='bbox 854 864 1204 927; x_wconf 83' lang='lat' dir='ltr'><strong>adscribere</strong></span> <span class='ocrx_word' id='word_1_28' title='bbox 1251 863 1528 925; x_wconf 89' lang='lat' dir='ltr'><strong>debebat.</strong></span> 
     </span>
    </p>

    <p class='ocr_par' dir='ltr' id='par_1_3' title="bbox 336 971 2616 2681">
     <span class='ocr_line' id='line_1_6' title="bbox 336 971 2616 1055; baseline -0.002 -18"><span class='ocrx_word' id='word_1_29' title='bbox 336 1017 347 1046; x_wconf 70' lang='grc'><strong>,</strong></span> <span class='ocrx_word' id='word_1_30' title='bbox 624 974 856 1037; x_wconf 89' lang='lat' dir='ltr'><strong>Octavo</strong></span> <span class='ocrx_word' id='word_1_31' title='bbox 899 974 1079 1055; x_wconf 84' lang='lat' dir='ltr'><strong>igitur</strong></span> <span class='ocrx_word' id='word_1_32' title='bbox 1118 971 1271 1034; x_wconf 91' lang='lat' dir='ltr'><strong>libro</strong></span> <span class='ocrx_word' id='word_1_33' title='bbox 1321 971 1596 1034; x_wconf 88' lang='lat' dir='ltr'><strong>animalia</strong></span> <span class='ocrx_word' id='word_1_34' title='bbox 1641 972 1987 1047; x_wconf 78' lang='lat' dir='ltr'><strong>terrestria,</strong></span> <span class='ocrx_word' id='word_1_35' title='bbox 2028 971 2324 1033; x_wconf 88' lang='lat' dir='ltr'><strong>hominum</strong></span> <span class='ocrx_word' id='word_1_36' title='bbox 2368 972 2616 1052; x_wconf 87' lang='lat' dir='ltr'><strong>quadam</strong></span> 
     </span>
     <span class='ocr_line' id='line_1_7' title="bbox 450 1076 2606 1160; baseline -0 -18"><span class='ocrx_word' id='word_1_37' title='bbox 450 1084 838 1143; x_wconf 77' lang='lat' dir='ltr'><strong>consortione</strong></span> <span class='ocrx_word' id='word_1_38' title='bbox 879 1080 1157 1160; x_wconf 81' lang='lat' dir='ltr'><strong>degentia</strong></span> <span class='ocrx_word' id='word_1_39' title='bbox 1184 1080 1307 1156; x_wconf 81' lang='lat'><strong>⁶¹),</strong></span> <span class='ocrx_word' id='word_1_40' title='bbox 1376 1086 1441 1142; x_wconf 89' lang='lat' dir='ltr'><strong>ut</strong></span> <span class='ocrx_word' id='word_1_41' title='bbox 1482 1079 1665 1160; x_wconf 87' lang='lat' dir='ltr'><strong>ipsius</strong></span> <span class='ocrx_word' id='word_1_42' title='bbox 1708 1081 1909 1142; x_wconf 84' lang='lat' dir='ltr'><strong>verbis</strong></span> <span class='ocrx_word' id='word_1_43' title='bbox 1949 1076 2122 1156; x_wconf 80' lang='lat' dir='ltr'><strong>utar,</strong></span> <span class='ocrx_word' id='word_1_44' title='bbox 2186 1080 2428 1142; x_wconf 81' lang='lat' dir='ltr'><strong>Plinium</strong></span> <span class='ocrx_word' id='word_1_45' title='bbox 2476 1087 2606 1142; x_wconf 88' lang='lat' dir='ltr'><strong>tra-</strong></span> 
     </span>
     <span class='ocr_line' id='line_1_8' title="bbox 449 1188 2615 1269; baseline -0.002 -16"><span class='ocrx_word' id='word_1_46' title='bbox 449 1196 651 1253; x_wconf 89' lang='lat' dir='ltr'><strong>ctasse</strong></span> <span class='ocrx_word' id='word_1_47' title='bbox 694 1191 808 1250; x_wconf 92' lang='lat' dir='ltr'><strong>iam</strong></span> <span class='ocrx_word' id='word_1_48' title='bbox 856 1188 1133 1263; x_wconf 79' lang='lat' dir='ltr'><strong>diximuS,</strong></span> <span class='ocrx_word' id='word_1_49' title='bbox 1173 1189 1276 1251; x_wconf 89' lang='lat' dir='ltr'><strong>ubi</strong></span> <span class='ocrx_word' id='word_1_50' title='bbox 1317 1189 1539 1269; x_wconf 87' lang='lat' dir='ltr'><strong>pariter</strong></span> <span class='ocrx_word' id='word_1_51' title='bbox 1572 1194 1795 1251; x_wconf 90' lang='lat' dir='ltr'><strong>certum</strong></span> <span class='ocrx_word' id='word_1_52' title='bbox 1839 1206 2033 1251; x_wconf 91' lang='lat' dir='ltr'><strong>rerum</strong></span> <span class='ocrx_word' id='word_1_53' title='bbox 2082 1188 2353 1249; x_wconf 81' lang='lat' dir='ltr'><strong>ordinem</strong></span> <span class='ocrx_word' id='word_1_54' title='bbox 2397 1195 2457 1250; x_wconf 87' lang='lat' dir='ltr'><strong>et</strong></span> <span class='ocrx_word' id='word_1_55' title='bbox 2502 1188 2615 1249; x_wconf 89' lang='lat' dir='ltr'><strong>de-</strong></span> 
     </span>
     <span class='ocr_line' id='line_1_9' title="bbox 442 1296 2615 1379; baseline -0.001 -19"><span class='ocrx_word' id='word_1_56' title='bbox 442 1299 828 1379; x_wconf 84' lang='lat' dir='ltr'><strong>scriptionem</strong></span> <span class='ocrx_word' id='word_1_57' title='bbox 869 1297 1204 1358; x_wconf 89' lang='lat' dir='ltr'><strong>animalium</strong></span> <span class='ocrx_word' id='word_1_58' title='bbox 1247 1296 1575 1359; x_wconf 87' lang='lat' dir='ltr'><strong>secundum</strong></span> <span class='ocrx_word' id='word_1_59' title='bbox 1618 1296 1785 1378; x_wconf 88' lang='lat' dir='ltr'><strong>leges</strong></span> <span class='ocrx_word' id='word_1_60' title='bbox 1830 1313 1865 1358; x_wconf 86' lang='lat' dir='ltr'><strong>e</strong></span> <span class='ocrx_word' id='word_1_61' title='bbox 1907 1302 2113 1359; x_wconf 86' lang='lat' dir='ltr'><strong>natura</strong></span> <span class='ocrx_word' id='word_1_62' title='bbox 2157 1313 2362 1361; x_wconf 90' lang='lat' dir='ltr'><strong>eorum</strong></span> <span class='ocrx_word' id='word_1_63' title='bbox 2403 1298 2615 1377; x_wconf 83' lang='lat' dir='ltr'><strong>petitas</strong></span> 
     </span>
     <span class='ocr_line' id='line_1_10' title="bbox 444 1404 2614 1487; baseline -0.001 -19"><span class='ocrx_word' id='word_1_64' title='bbox 444 1424 618 1487; x_wconf 89' lang='lat' dir='ltr'><strong>quam</strong></span> <span class='ocrx_word' id='word_1_65' title='bbox 693 1405 947 1467; x_wconf 83' lang='lat' dir='ltr'><strong>maxime</strong></span> <span class='ocrx_word' id='word_1_66' title='bbox 1005 1405 1436 1468; x_wconf 78' lang='lat' dir='ltr'><strong>desideramus,</strong></span> <span class='ocrx_word' id='word_1_67' title='bbox 1520 1404 1689 1468; x_wconf 85' lang='lat' dir='ltr'><strong>Nullo</strong></span> <span class='ocrx_word' id='word_1_68' title='bbox 1751 1406 1932 1484; x_wconf 87' lang='lat' dir='ltr'><strong>igitur</strong></span> <span class='ocrx_word' id='word_1_69' title='bbox 1996 1405 2208 1468; x_wconf 88' lang='lat' dir='ltr'><strong>ordine</strong></span> <span class='ocrx_word' id='word_1_70' title='bbox 2274 1405 2614 1486; x_wconf 86' lang='lat' dir='ltr'><strong>plerumque</strong></span> 
     </span>
     <span class='ocr_line' id='line_1_11' title="bbox 443 1513 2610 1596; baseline -0.002 -17"><span class='ocrx_word' id='word_1_71' title='bbox 443 1515 656 1579; x_wconf 78' lang='lat' dir='ltr'><strong>similia</strong></span> <span class='ocrx_word' id='word_1_72' title='bbox 697 1516 983 1578; x_wconf 89' lang='lat' dir='ltr'><strong>similibus</strong></span> <span class='ocrx_word' id='word_1_73' title='bbox 1007 1513 1202 1577; x_wconf 87' lang='lat' dir='ltr'><strong>obiter</strong></span> <span class='ocrx_word' id='word_1_74' title='bbox 1259 1521 1584 1576; x_wconf 87' lang='lat' dir='ltr'><strong>annectens</strong></span> <span class='ocrx_word' id='word_1_75' title='bbox 1614 1514 1946 1576; x_wconf 90' lang='lat' dir='ltr'><strong>animalium</strong></span> <span class='ocrx_word' id='word_1_76' title='bbox 1983 1513 2280 1588; x_wconf 80' lang='lat' dir='ltr'><strong>historias,</strong></span> <span class='ocrx_word' id='word_1_77' title='bbox 2323 1520 2388 1577; x_wconf 91' lang='lat' dir='ltr'><strong>ut</strong></span> <span class='ocrx_word' id='word_1_78' title='bbox 2419 1532 2610 1596; x_wconf 90' lang='lat' dir='ltr'><strong>quae-</strong></span> 
     </span>
     <span class='ocr_line' id='line_1_12' title="bbox 442 1622 2609 1704; baseline -0 -19"><span class='ocrx_word' id='word_1_79' title='bbox 442 1641 557 1704; x_wconf 87' lang='lat' dir='ltr'><strong>que</strong></span> <span class='ocrx_word' id='word_1_80' title='bbox 590 1625 702 1704; x_wconf 90' lang='lat' dir='ltr'><strong>ipsi</strong></span> <span class='ocrx_word' id='word_1_81' title='bbox 747 1623 1165 1685; x_wconf 88' lang='lat' dir='ltr'><strong>memorabiles</strong></span> <span class='ocrx_word' id='word_1_82' title='bbox 1212 1623 1308 1684; x_wconf 89' lang='lat' dir='ltr'><strong>vel</strong></span> <span class='ocrx_word' id='word_1_83' title='bbox 1351 1622 1737 1704; x_wconf 86' lang='lat' dir='ltr'><strong>prodigiosae</strong></span> <span class='ocrx_word' id='word_1_84' title='bbox 1776 1622 2166 1700; x_wconf 87' lang='lat' dir='ltr'><strong>videbantur,</strong></span> <span class='ocrx_word' id='word_1_85' title='bbox 2233 1622 2412 1684; x_wconf 88' lang='lat' dir='ltr'><strong>modo</strong></span> <span class='ocrx_word' id='word_1_86' title='bbox 2453 1624 2609 1684; x_wconf 80' lang='lat' dir='ltr'><strong>ube·-</strong></span> 
     </span>
     <span class='ocr_line' id='line_1_13' title="bbox 437 1716 2606 1811; baseline -0.002 -15"><span class='ocrx_word' id='word_1_87' title='bbox 437 1733 580 1810; x_wconf 80' lang='lat' dir='ltr'><strong>riuS,</strong></span> <span class='ocrx_word' id='word_1_88' title='bbox 623 1732 805 1794; x_wconf 89' lang='lat' dir='ltr'><strong>modo</strong></span> <span class='ocrx_word' id='word_1_89' title='bbox 849 1733 1112 1793; x_wconf 79' lang='lat' dir='ltr'><strong>strictius</strong></span> <span class='ocrx_word' id='word_1_90' title='bbox 1152 1731 1547 1811; x_wconf 87' lang='lat' dir='ltr'><strong>persequitur,</strong></span> <span class='ocrx_word' id='word_1_91' title='bbox 1592 1732 1909 1811; x_wconf 86' lang='lat' dir='ltr'><strong>praecipua</strong></span> <span class='ocrx_word' id='word_1_92' title='bbox 1935 1716 2354 1811; x_wconf 86' lang='lat' dir='ltr'><strong>magnitudinis</strong></span> <span class='ocrx_word' id='word_1_93' title='bbox 2394 1737 2456 1792; x_wconf 91' lang='lat' dir='ltr'><strong>et</strong></span> <span class='ocrx_word' id='word_1_94' title='bbox 2494 1747 2606 1792; x_wconf 89' lang='lat' dir='ltr'><strong>ro-</strong></span> 
     </span>
     <span class='ocr_line' id='line_1_14' title="bbox 433 1837 2598 1918; baseline -0.001 -16"><span class='ocrx_word' id='word_1_95' title='bbox 433 1841 601 1903; x_wconf 92' lang='lat' dir='ltr'><strong>boris</strong></span> <span class='ocrx_word' id='word_1_96' title='bbox 660 1841 896 1902; x_wconf 87' lang='lat' dir='ltr'><strong>ratione</strong></span> <span class='ocrx_word' id='word_1_97' title='bbox 932 1839 1180 1901; x_wconf 69' lang='lat' dir='ltr'><strong>‘habita.</strong></span> <span class='ocrx_word' id='word_1_98' title='bbox 1265 1839 1620 1902; x_wconf 88' lang='lat' dir='ltr'><strong>Animalium</strong></span> <span class='ocrx_word' id='word_1_99' title='bbox 1654 1889 1670 1917; x_wconf 92' lang='lat'>‚</span> <span class='ocrx_word' id='word_1_100' title='bbox 1747 1855 1994 1918; x_wconf 87' lang='lat' dir='ltr'><strong>quorum</strong></span> <span class='ocrx_word' id='word_1_101' title='bbox 2060 1837 2341 1901; x_wconf 84' lang='lat' dir='ltr'><strong>historias</strong></span> <span class='ocrx_word' id='word_1_102' title='bbox 2410 1856 2598 1900; x_wconf 88' lang='lat' dir='ltr'><strong>enar-</strong></span> 
     </span>
     <span class='ocr_line' id='line_1_15' title="bbox 433 1945 2601 2027; baseline -0 -18"><span class='ocrx_word' id='word_1_103' title='bbox 433 1954 549 2021; x_wconf 85' lang='lat' dir='ltr'><strong>rat,</strong></span> <span class='ocrx_word' id='word_1_104' title='bbox 594 1949 906 2009; x_wconf 86' lang='lat' dir='ltr'><strong>maximam</strong></span> <span class='ocrx_word' id='word_1_105' title='bbox 955 1954 1182 2026; x_wconf 89' lang='lat' dir='ltr'><strong>partem</strong></span> <span class='ocrx_word' id='word_1_106' title='bbox 1236 1964 1432 2027; x_wconf 90' lang='lat' dir='ltr'><strong>neque</strong></span> <span class='ocrx_word' id='word_1_107' title='bbox 1473 1948 1601 2026; x_wconf 90' lang='lat' dir='ltr'><strong>ipse</strong></span> <span class='ocrx_word' id='word_1_108' title='bbox 1660 1945 1926 2023; x_wconf 90' lang='lat' dir='ltr'><strong>vidisse,</strong></span> <span class='ocrx_word' id='word_1_109' title='bbox 1981 1963 2177 2026; x_wconf 90' lang='lat' dir='ltr'><strong>neque</strong></span> <span class='ocrx_word' id='word_1_110' title='bbox 2233 1963 2443 2008; x_wconf 87' lang='lat' dir='ltr'><strong>eorum</strong></span> <span class='ocrx_word' id='word_1_111' title='bbox 2483 1964 2601 2008; x_wconf 84' lang='lat' dir='ltr'><strong>ex-</strong></span> 
     </span>
     <span class='ocr_line' id='line_1_16' title="bbox 433 2052 2599 2135; baseline -0.001 -18"><span class='ocrx_word' id='word_1_112' title='bbox 433 2072 701 2135; x_wconf 89' lang='lat' dir='ltr'><strong>pressam</strong></span> <span class='ocrx_word' id='word_1_113' title='bbox 747 2056 1012 2116; x_wconf 84' lang='lat' dir='ltr'><strong>tenuisse</strong></span> <span class='ocrx_word' id='word_1_114' title='bbox 1053 2055 1370 2134; x_wconf 89' lang='lat' dir='ltr'><strong>imaginem</strong></span> <span class='ocrx_word' id='word_1_115' title='bbox 1417 2053 1691 2129; x_wconf 88' lang='lat' dir='ltr'><strong>videtur,</strong></span> <span class='ocrx_word' id='word_1_116' title='bbox 1746 2052 1904 2135; x_wconf 86' lang='lat' dir='ltr'><strong>unde</strong></span> <span class='ocrx_word' id='word_1_117' title='bbox 1961 2055 2398 2134; x_wconf 85' lang='lat' dir='ltr'><strong>descriptiones</strong></span> <span class='ocrx_word' id='word_1_118' title='bbox 2444 2071 2599 2116; x_wconf 89' lang='lat' dir='ltr'><strong>con-</strong></span> 
     </span>
     <span class='ocr_line' id='line_1_17' title="bbox 432 2161 2597 2244; baseline -0.001 -16"><span class='ocrx_word' id='word_1_119' title='bbox 432 2165 625 2243; x_wconf 87' lang='lat' dir='ltr'><strong>fusae,</strong></span> <span class='ocrx_word' id='word_1_120' title='bbox 671 2179 918 2225; x_wconf 87' lang='lat' dir='ltr'><strong>mancae</strong></span> <span class='ocrx_word' id='word_1_121' title='bbox 950 2169 1010 2223; x_wconf 89' lang='lat' dir='ltr'><strong>et</strong></span> <span class='ocrx_word' id='word_1_122' title='bbox 1034 2163 1288 2224; x_wconf 87' lang='lat' dir='ltr'><strong>vitiosae</strong></span> <span class='ocrx_word' id='word_1_123' title='bbox 1327 2179 1511 2242; x_wconf 89' lang='lat' dir='ltr'><strong>saepe</strong></span> <span class='ocrx_word' id='word_1_124' title='bbox 1540 2161 1881 2241; x_wconf 87' lang='lat' dir='ltr'><strong>impediunt,</strong></span> <span class='ocrx_word' id='word_1_125' title='bbox 1925 2164 2257 2243; x_wconf 80' lang='lat' dir='ltr'><strong>quominuS,</strong></span> <span class='ocrx_word' id='word_1_126' title='bbox 2301 2162 2597 2244; x_wconf 84' lang='lat' dir='ltr'><strong>quodnam</strong></span> 
     </span>
     <span class='ocr_line' id='line_1_18' title="bbox 429 2251 2594 2353; baseline -0.001 -16"><span class='ocrx_word' id='word_1_127' title='bbox 429 2273 644 2353; x_wconf 89' lang='lat' dir='ltr'><strong>animal</strong></span> <span class='ocrx_word' id='word_1_128' title='bbox 709 2270 1055 2353; x_wconf 85' lang='lat' dir='ltr'><strong>significare</strong></span> <span class='ocrx_word' id='word_1_129' title='bbox 1110 2271 1394 2348; x_wconf 89' lang='lat' dir='ltr'><strong>voluerit,</strong></span> <span class='ocrx_word' id='word_1_130' title='bbox 1457 2251 1688 2332; x_wconf 83' lang='lat' dir='ltr'><strong>definiri</strong></span> <span class='ocrx_word' id='word_1_131' title='bbox 1748 2271 1935 2351; x_wconf 83' lang='lat' dir='ltr'><strong>pessit</strong></span> <span class='ocrx_word' id='word_1_132' title='bbox 1966 2270 2078 2346; x_wconf 81' lang='lat'><strong>⁶2).</strong></span> <span class='ocrx_word' id='word_1_133' title='bbox 2160 2273 2594 2352; x_wconf 86' lang='lat' dir='ltr'><strong>Nonnunquam</strong></span> 
     </span>
     <span class='ocr_line' id='line_1_19' title="bbox 428 2379 2599 2462; baseline 0 -18"><span class='ocrx_word' id='word_1_134' title='bbox 428 2383 670 2444; x_wconf 88' lang='lat' dir='ltr'><strong>nomina</strong></span> <span class='ocrx_word' id='word_1_135' title='bbox 710 2387 931 2443; x_wconf 87' lang='lat' dir='ltr'><strong>tantum</strong></span> <span class='ocrx_word' id='word_1_136' title='bbox 993 2379 1331 2442; x_wconf 87' lang='lat' dir='ltr'><strong>animalium</strong></span> <span class='ocrx_word' id='word_1_137' title='bbox 1387 2387 1696 2441; x_wconf 89' lang='lat' dir='ltr'><strong>enumerat</strong></span> <span class='ocrx_word' id='word_1_138' title='bbox 1716 2382 1805 2456; x_wconf 78' lang='lat'><strong>⁶³)</strong></span> <span class='ocrx_word' id='word_1_139' title='bbox 1866 2380 2114 2443; x_wconf 90' lang='lat' dir='ltr'><strong>adiectis</strong></span> <span class='ocrx_word' id='word_1_140' title='bbox 2174 2380 2345 2442; x_wconf 90' lang='lat' dir='ltr'><strong>nullis</strong></span> <span class='ocrx_word' id='word_1_141' title='bbox 2381 2382 2599 2462; x_wconf 49' lang='lat' dir='ltr'><strong>signi&amp;</strong></span> 
     </span>
     <span class='ocr_line' id='line_1_20' title="bbox 423 2488 2597 2572; baseline -0 -20"><span class='ocrx_word' id='word_1_142' title='bbox 423 2492 634 2572; x_wconf 86' lang='lat' dir='ltr'><strong>quibus</strong></span> <span class='ocrx_word' id='word_1_143' title='bbox 680 2489 985 2570; x_wconf 38' lang='lat' dir='ltr'><strong>distingui·</strong></span> <span class='ocrx_word' id='word_1_144' title='bbox 1020 2489 1292 2569; x_wconf 87' lang='lat' dir='ltr'><strong>possint,</strong></span> <span class='ocrx_word' id='word_1_145' title='bbox 1349 2507 1466 2550; x_wconf 89' lang='lat' dir='ltr'><strong>nec</strong></span> <span class='ocrx_word' id='word_1_146' title='bbox 1526 2505 1665 2551; x_wconf 91' lang='lat' dir='ltr'><strong>raro</strong></span> <span class='ocrx_word' id='word_1_147' title='bbox 1715 2488 1942 2551; x_wconf 89' lang='lat' dir='ltr'><strong>Graeca</strong></span> <span class='ocrx_word' id='word_1_148' title='bbox 1984 2490 2184 2569; x_wconf 84' lang='lat' dir='ltr'><strong>posuit</strong></span> <span class='ocrx_word' id='word_1_149' title='bbox 2219 2490 2458 2551; x_wconf 84' lang='lat' dir='ltr'><strong>nomina</strong></span> <span class='ocrx_word' id='word_1_150' title='bbox 2480 2493 2597 2567; x_wconf 62' lang='grc' dir='ltr'><strong>θ’),</strong></span> 
     </span>
     <span class='ocr_line' id='line_1_21' title="bbox 422 2594 2587 2681; baseline -0 -19"><span class='ocrx_word' id='word_1_151' title='bbox 422 2599 525 2663; x_wconf 92' lang='lat' dir='ltr'><strong>ubi</strong></span> <span class='ocrx_word' id='word_1_152' title='bbox 553 2600 814 2661; x_wconf 89' lang='lat' dir='ltr'><strong>incertus</strong></span> <span class='ocrx_word' id='word_1_153' title='bbox 855 2597 1153 2676; x_wconf 83' lang='lat' dir='ltr'><strong>haereret,</strong></span> <span class='ocrx_word' id='word_1_154' title='bbox 1197 2597 1495 2677; x_wconf 90' lang='lat' dir='ltr'><strong>quodnam</strong></span> <span class='ocrx_word' id='word_1_155' title='bbox 1538 2596 1753 2660; x_wconf 87' lang='lat' dir='ltr'><strong>animal</strong></span> <span class='ocrx_word' id='word_1_156' title='bbox 1794 2599 1868 2660; x_wconf 91' lang='lat' dir='ltr'><strong>iis</strong></span> <span class='ocrx_word' id='word_1_157' title='bbox 1910 2594 2372 2680; x_wconf 84' lang='lat' dir='ltr'><strong>significaretur3</strong></span> <span class='ocrx_word' id='word_1_158' title='bbox 2447 2601 2587 2681; x_wconf 90' lang='lat' dir='ltr'><strong>quin</strong></span> 
     </span>
    </p>
   </div>
   <div class='ocr_carea' id='block_1_3' title="bbox 731 2770 1026 2781">
    <p class='ocr_par' dir='ltr' id='par_1_4' title="bbox 731 2770 1026 2781">
     <span class='ocr_line' id='line_1_22' title="bbox 731 2770 1026 2781; baseline 0 2011"><span class='ocrx_word' id='word_1_159' title='bbox 731 2770 1026 2781; x_wconf 95' lang='lat' dir='ltr'><strong> </strong></span> 
     </span>
    </p>
   </div>
   <div class='ocr_carea' id='block_1_4' title="bbox 641 2772 721 2783">
    <p class='ocr_par' dir='ltr' id='par_1_5' title="bbox 641 2772 721 2783">
     <span class='ocr_line' id='line_1_23' title="bbox 641 2772 721 2783; baseline -0.013 0"><span class='ocrx_word' id='word_1_160' title='bbox 641 2772 721 2783; x_wconf 67' lang='grc' dir='ltr'><strong>-υ-</strong></span> 
     </span>
    </p>
   </div>
   <div class='ocr_carea' id='block_1_5' title="bbox 415 2771 629 2786">
    <p class='ocr_par' dir='ltr' id='par_1_6' title="bbox 415 2771 629 2786">
     <span class='ocr_line' id='line_1_24' title="bbox 415 2771 629 2786; baseline 0 2006"><span class='ocrx_word' id='word_1_161' title='bbox 415 2771 629 2786; x_wconf 95' lang='lat' dir='ltr'><strong> </strong></span> 
     </span>
    </p>
   </div>
   <div class='ocr_carea' id='block_1_6' title="bbox 460 2867 2589 4275">
    <p class='ocr_par' dir='ltr' id='par_1_7' title="bbox 490 2867 2589 3321">
     <span class='ocr_line' id='line_1_25' title="bbox 490 2867 2589 2942; baseline -0.001 -18"><span class='ocrx_word' id='word_1_162' title='bbox 490 2869 581 2942; x_wconf 86' lang='grc'><strong>60)</strong></span> <span class='ocrx_word' id='word_1_163' title='bbox 616 2867 921 2921; x_wconf 86' lang='lat' dir='ltr'><strong>Aristoteles</strong></span> <span class='ocrx_word' id='word_1_164' title='bbox 960 2883 1131 2920; x_wconf 86' lang='lat' dir='ltr'><strong>veram</strong></span> <span class='ocrx_word' id='word_1_165' title='bbox 1154 2868 1413 2936; x_wconf 88' lang='lat' dir='ltr'><strong>reptilium</strong></span> <span class='ocrx_word' id='word_1_166' title='bbox 1448 2876 1675 2920; x_wconf 85' lang='lat' dir='ltr'><strong>naturam</strong></span> <span class='ocrx_word' id='word_1_167' title='bbox 1710 2884 1812 2920; x_wconf 89' lang='lat' dir='ltr'><strong>non</strong></span> <span class='ocrx_word' id='word_1_168' title='bbox 1848 2869 2148 2937; x_wconf 83' lang='lat' dir='ltr'><strong>ignorabat3</strong></span> <span class='ocrx_word' id='word_1_169' title='bbox 2186 2869 2422 2921; x_wconf 88' lang='lat' dir='ltr'><strong>animalia</strong></span> <span class='ocrx_word' id='word_1_170' title='bbox 2450 2870 2589 2921; x_wconf 87' lang='lat' dir='ltr'><strong>enim</strong></span> 
     </span>
     <span class='ocr_line' id='line_1_26' title="bbox 582 2953 2585 3036; baseline 0 -21"><span class='ocrx_word' id='word_1_171' title='bbox 582 2956 587 2969; x_wconf 62' lang='lat'><strong><em>⁴</em></strong></span> <span class='ocrx_word' id='word_1_172' title='bbox 633 2964 963 3032; x_wconf 86' lang='lat' dir='ltr'><strong>quadrupeda</strong></span> <span class='ocrx_word' id='word_1_173' title='bbox 998 2953 1056 3015; x_wconf 44' lang='lat' dir='ltr'><strong>in*</strong></span> <span class='ocrx_word' id='word_1_174' title='bbox 1087 2964 1272 3015; x_wconf 89' lang='lat' dir='ltr'><strong>animal</strong></span> <span class='ocrx_word' id='word_1_175' title='bbox 1309 2965 1557 3031; x_wconf 84' lang='lat' dir='ltr'><strong>parientia</strong></span> <span class='ocrx_word' id='word_1_176' title='bbox 1593 2972 1646 3014; x_wconf 84' lang='lat' dir='ltr'><strong>et</strong></span> <span class='ocrx_word' id='word_1_177' title='bbox 1679 2979 1777 3015; x_wconf 88' lang='lat' dir='ltr'><strong>ova</strong></span> <span class='ocrx_word' id='word_1_178' title='bbox 1808 2966 2054 3031; x_wconf 84' lang='lat' dir='ltr'><strong>parientia</strong></span> <span class='ocrx_word' id='word_1_179' title='bbox 2093 2966 2435 3036; x_wconf 79' lang='grc' dir='ltr'><em>(τετράποδα</em></span> <span class='ocrx_word' id='word_1_180' title='bbox 2465 2966 2585 3034; x_wconf 64' lang='grc' dir='ltr'><strong>ᾤο-</strong></span> 
     </span>
     <span class='ocr_line' id='line_1_27' title="bbox 626 3060 2580 3129; baseline -0.001 -16"><span class='ocrx_word' id='word_1_181' title='bbox 626 3060 784 3129; x_wconf 71' lang='lat' dir='ltr'><strong>toxa)</strong></span> <span class='ocrx_word' id='word_1_182' title='bbox 825 3060 1110 3127; x_wconf 84' lang='lat' dir='ltr'><strong>distinguit,</strong></span> <span class='ocrx_word' id='word_1_183' title='bbox 1146 3076 1295 3128; x_wconf 89' lang='lat' dir='ltr'><strong>quam</strong></span> <span class='ocrx_word' id='word_1_184' title='bbox 1334 3060 1710 3111; x_wconf 78' lang='lat' dir='ltr'><strong>distinctionem</strong></span> <span class='ocrx_word' id='word_1_185' title='bbox 1750 3076 1844 3127; x_wconf 88' lang='lat' dir='ltr'><strong>per</strong></span> <span class='ocrx_word' id='word_1_186' title='bbox 1876 3069 2029 3112; x_wconf 79' lang='lat' dir='ltr'><strong>tot-am</strong></span> <span class='ocrx_word' id='word_1_187' title='bbox 2066 3060 2330 3112; x_wconf 86' lang='lat' dir='ltr'><strong>historiam</strong></span> <span class='ocrx_word' id='word_1_188' title='bbox 2362 3061 2426 3111; x_wconf 89' lang='lat' dir='ltr'><strong>de</strong></span> <span class='ocrx_word' id='word_1_189' title='bbox 2460 3062 2580 3111; x_wconf 87' lang='lat' dir='ltr'><strong>ani-</strong></span> 
     </span>
     <span class='ocr_line' id='line_1_28' title="bbox 625 3154 2579 3225; baseline 0.002 -21"><span class='ocrx_word' id='word_1_190' title='bbox 625 3154 840 3206; x_wconf 80' lang='lat' dir='ltr'><strong>malibus</strong></span> <span class='ocrx_word' id='word_1_191' title='bbox 886 3171 1198 3206; x_wconf 86' lang='lat' dir='ltr'><strong>conservans</strong></span> <span class='ocrx_word' id='word_1_192' title='bbox 1222 3195 1237 3220; x_wconf 89' lang='lat'><strong>,</strong></span> <span class='ocrx_word' id='word_1_193' title='bbox 1281 3156 1473 3223; x_wconf 88' lang='lat' dir='ltr'><strong>ubique</strong></span> <span class='ocrx_word' id='word_1_194' title='bbox 1511 3157 1837 3224; x_wconf 87' lang='lat' dir='ltr'><strong>quadrupeda</strong></span> <span class='ocrx_word' id='word_1_195' title='bbox 1881 3172 1978 3207; x_wconf 86' lang='lat' dir='ltr'><strong>ova</strong></span> <span class='ocrx_word' id='word_1_196' title='bbox 2014 3158 2265 3224; x_wconf 78' lang='lat' dir='ltr'><strong>parientia</strong></span> <span class='ocrx_word' id='word_1_197' title='bbox 2304 3166 2420 3225; x_wconf 85' lang='lat' dir='ltr'><strong>post</strong></span> <span class='ocrx_word' id='word_1_198' title='bbox 2458 3159 2579 3208; x_wconf 84' lang='lat' dir='ltr'><strong>ani-</strong></span> 
     </span>
     <span class='ocr_line' id='line_1_29' title="bbox 619 3249 2571 3321; baseline 0.005 -22"><span class='ocrx_word' id='word_1_199' title='bbox 619 3249 715 3300; x_wconf 85' lang='lat' dir='ltr'><strong>mal</strong></span> <span class='ocrx_word' id='word_1_200' title='bbox 772 3252 1019 3316; x_wconf 88' lang='lat' dir='ltr'><strong>parientia</strong></span> <span class='ocrx_word' id='word_1_201' title='bbox 1079 3259 1371 3318; x_wconf 84' lang='lat' dir='ltr'><strong>pertractat.</strong></span> <span class='ocrx_word' id='word_1_202' title='bbox 1461 3252 1541 3310; x_wconf 78' lang='lat' dir='ltr'><strong>cf,</strong></span> <span class='ocrx_word' id='word_1_203' title='bbox 1578 3252 1631 3314; x_wconf 92' lang='lat'><strong>1,</strong></span> <span class='ocrx_word' id='word_1_204' title='bbox 1674 3252 1723 3307; x_wconf 84' lang='lat'><strong>6.</strong></span> <span class='ocrx_word' id='word_1_205' title='bbox 1766 3251 1848 3313; x_wconf 79' lang='grc' dir='ltr'><strong>ΙΙ,</strong></span> <span class='ocrx_word' id='word_1_206' title='bbox 1894 3253 1957 3304; x_wconf 86' lang='grc'><strong>10</strong></span> <span class='ocrx_word' id='word_1_207' title='bbox 1994 3269 2072 3321; x_wconf 88' lang='lat' dir='ltr'><strong>sq.</strong></span> <span class='ocrx_word' id='word_1_208' title='bbox 2113 3255 2191 3313; x_wconf 32' lang='lat'><strong>15..</strong></span> <span class='ocrx_word' id='word_1_209' title='bbox 2237 3256 2315 3306; x_wconf 87' lang='lat'><strong>17.</strong></span> <span class='ocrx_word' id='word_1_210' title='bbox 2355 3254 2461 3319; x_wconf 90' lang='lat'><strong>111,</strong></span> <span class='ocrx_word' id='word_1_211' title='bbox 2522 3259 2571 3309; x_wconf 90' lang='lat'><strong>1.</strong></span> 
     </span>
    </p>

    <p class='ocr_par' dir='ltr' id='par_1_8' title="bbox 620 3344 1881 3414">
     <span class='ocr_line' id='line_1_30' title="bbox 620 3344 1881 3414; baseline 0.001 -18"><span class='ocrx_word' id='word_1_212' title='bbox 620 3347 678 3410; x_wconf 90' lang='lat' dir='ltr'><strong>V,</strong></span> <span class='ocrx_word' id='word_1_213' title='bbox 717 3345 802 3396; x_wconf 84' lang='lat'><strong>33.</strong></span> <span class='ocrx_word' id='word_1_214' title='bbox 851 3344 985 3408; x_wconf 84' lang='lat' dir='ltr'><strong>vlu,</strong></span> <span class='ocrx_word' id='word_1_215' title='bbox 1024 3345 1075 3404; x_wconf 84' lang='grc'><strong>2,</strong></span> <span class='ocrx_word' id='word_1_216' title='bbox 1114 3347 1165 3397; x_wconf 79' lang='lat'><strong>4.</strong></span> <span class='ocrx_word' id='word_1_217' title='bbox 1210 3346 1289 3397; x_wconf 86' lang='lat'><strong>17.</strong></span> <span class='ocrx_word' id='word_1_218' title='bbox 1575 3346 1665 3414; x_wconf 83' lang='grc'><strong>61)</strong></span> <span class='ocrx_word' id='word_1_219' title='bbox 1702 3347 1791 3410; x_wconf 80' lang='lat' dir='ltr'><strong>lx,</strong></span> <span class='ocrx_word' id='word_1_220' title='bbox 1839 3349 1881 3397; x_wconf 87' lang='lat'><strong>1.</strong></span> 
     </span>
    </p>

    <p class='ocr_par' dir='ltr' id='par_1_9' title="bbox 475 3440 2576 4086">
     <span class='ocr_line' id='line_1_31' title="bbox 475 3440 2576 3516; baseline 0.002 -21"><span class='ocrx_word' id='word_1_221' title='bbox 475 3444 568 3508; x_wconf 88' lang='grc'><strong>62)</strong></span> <span class='ocrx_word' id='word_1_222' title='bbox 613 3442 864 3493; x_wconf 87' lang='lat' dir='ltr'><strong>Cuverius</strong></span> <span class='ocrx_word' id='word_1_223' title='bbox 901 3442 1096 3509; x_wconf 79' lang='lat' dir='ltr'><strong>(Biogr.</strong></span> <span class='ocrx_word' id='word_1_224' title='bbox 1134 3440 1449 3492; x_wconf 66' lang='lat' dir='ltr'><strong>univer-selle</strong></span> <span class='ocrx_word' id='word_1_225' title='bbox 1499 3440 1676 3494; x_wconf 85' lang='lat' dir='ltr'>XXXV</span> <span class='ocrx_word' id='word_1_226' title='bbox 1720 3460 1767 3510; x_wconf 90' lang='lat' dir='ltr'><strong>p.</strong></span> <span class='ocrx_word' id='word_1_227' title='bbox 1809 3446 1872 3497; x_wconf 85' lang='lat'><strong>77</strong></span> <span class='ocrx_word' id='word_1_228' title='bbox 1916 3448 2040 3516; x_wconf 87' lang='lat' dir='ltr'><strong>sq.):</strong></span> <span class='ocrx_word' id='word_1_229' title='bbox 2076 3445 2576 3511; x_wconf 79' lang='lat' dir='ltr'><strong>„Malheuresement</strong></span> 
     </span>
     <span class='ocr_line' id='line_1_32' title="bbox 615 3536 2571 3611; baseline 0.003 -21"><span class='ocrx_word' id='word_1_230' title='bbox 615 3539 664 3590; x_wconf 89' lang='lat' dir='ltr'><strong>la</strong></span> <span class='ocrx_word' id='word_1_231' title='bbox 699 3538 941 3601; x_wconf 76' lang='lat' dir='ltr'><strong>muniere,</strong></span> <span class='ocrx_word' id='word_1_232' title='bbox 983 3537 1105 3587; x_wconf 88' lang='lat' dir='ltr'><strong>dont</strong></span> <span class='ocrx_word' id='word_1_233' title='bbox 1129 3536 1272 3590; x_wconf 81' lang='lat' dir='ltr'><strong>Pline</strong></span> <span class='ocrx_word' id='word_1_234' title='bbox 1305 3553 1336 3588; x_wconf 89' lang='lat' dir='ltr'><strong>a</strong></span> <span class='ocrx_word' id='word_1_235' title='bbox 1373 3537 1622 3589; x_wconf 77' lang='lat' dir='ltr'><strong>recueille</strong></span> <span class='ocrx_word' id='word_1_236' title='bbox 1673 3548 1725 3589; x_wconf 87' lang='lat' dir='ltr'><strong>et</strong></span> <span class='ocrx_word' id='word_1_237' title='bbox 1766 3543 1957 3606; x_wconf 76' lang='lat' dir='ltr'><strong>expose</strong></span> <span class='ocrx_word' id='word_1_238' title='bbox 1989 3540 2081 3591; x_wconf 85' lang='lat' dir='ltr'><strong>des</strong></span> <span class='ocrx_word' id='word_1_239' title='bbox 2117 3543 2231 3593; x_wconf 82' lang='lat' dir='ltr'><strong>faits</strong></span> <span class='ocrx_word' id='word_1_240' title='bbox 2269 3556 2571 3611; x_wconf 86' lang='lat' dir='ltr'><strong>remarqua-</strong></span> 
     </span>
     <span class='ocr_line' id='line_1_33' title="bbox 613 3631 2570 3706; baseline 0.004 -24"><span class='ocrx_word' id='word_1_241' title='bbox 613 3632 725 3684; x_wconf 88' lang='lat' dir='ltr'><strong>bles</strong></span> <span class='ocrx_word' id='word_1_242' title='bbox 765 3633 877 3684; x_wconf 89' lang='lat' dir='ltr'><strong>leur</strong></span> <span class='ocrx_word' id='word_1_243' title='bbox 912 3633 1002 3683; x_wconf 82' lang='lat' dir='ltr'><strong>fait</strong></span> <span class='ocrx_word' id='word_1_244' title='bbox 1046 3631 1227 3698; x_wconf 77' lang='lat' dir='ltr'><strong>perdre</strong></span> <span class='ocrx_word' id='word_1_245' title='bbox 1263 3633 1529 3701; x_wconf 86' lang='lat' dir='ltr'><strong>beaucoup</strong></span> <span class='ocrx_word' id='word_1_246' title='bbox 1593 3634 1657 3685; x_wconf 87' lang='lat' dir='ltr'><strong>de</strong></span> <span class='ocrx_word' id='word_1_247' title='bbox 1700 3634 1813 3685; x_wconf 89' lang='lat' dir='ltr'><strong>leur</strong></span> <span class='ocrx_word' id='word_1_248' title='bbox 1856 3637 1968 3701; x_wconf 86' lang='lat' dir='ltr'><strong>prix</strong></span> <span class='ocrx_word' id='word_1_249' title='bbox 2008 3651 2098 3702; x_wconf 90' lang='lat' dir='ltr'><strong>par</strong></span> <span class='ocrx_word' id='word_1_250' title='bbox 2133 3636 2183 3687; x_wconf 86' lang='lat' dir='ltr'><strong>le</strong></span> <span class='ocrx_word' id='word_1_251' title='bbox 2223 3637 2459 3706; x_wconf 77' lang='lat' dir='ltr'><strong>melange</strong></span> <span class='ocrx_word' id='word_1_252' title='bbox 2496 3640 2570 3691; x_wconf 87' lang='lat' dir='ltr'><strong>du</strong></span> 
     </span>
     <span class='ocr_line' id='line_1_34' title="bbox 598 3711 2567 3801; baseline 0.005 -25"><span class='ocrx_word' id='word_1_253' title='bbox 598 3711 717 3778; x_wconf 52' lang='lat' dir='ltr'><strong>&#39;vrai</strong></span> <span class='ocrx_word' id='word_1_254' title='bbox 754 3737 806 3779; x_wconf 88' lang='lat' dir='ltr'><strong>et</strong></span> <span class='ocrx_word' id='word_1_255' title='bbox 843 3729 910 3779; x_wconf 93' lang='lat' dir='ltr'><strong>du</strong></span> <span class='ocrx_word' id='word_1_256' title='bbox 951 3729 1070 3779; x_wconf 83' lang='lat' dir='ltr'><strong>l‘aux</strong></span> <span class='ocrx_word' id='word_1_257' title='bbox 1106 3729 1193 3795; x_wconf 90' lang='lat' dir='ltr'><strong>qui</strong></span> <span class='ocrx_word' id='word_1_258' title='bbox 1232 3730 1309 3793; x_wconf 75' lang='lat' dir='ltr'><strong>s&#39;y</strong></span> <span class='ocrx_word' id='word_1_259' title='bbox 1346 3737 1585 3780; x_wconf 81' lang='lat' dir='ltr'><strong>trouvent</strong></span> <span class='ocrx_word' id='word_1_260' title='bbox 1635 3745 1697 3780; x_wconf 90' lang='lat' dir='ltr'><strong>eu</strong></span> <span class='ocrx_word' id='word_1_261' title='bbox 1735 3732 1961 3798; x_wconf 66' lang='lat' dir='ltr'><strong>quantit&amp;</strong></span> <span class='ocrx_word' id='word_1_262' title='bbox 2003 3740 2223 3800; x_wconf 80' lang='lat' dir='ltr'><strong>presque</strong></span> <span class='ocrx_word' id='word_1_263' title='bbox 2257 3734 2393 3801; x_wconf 76' lang='lat' dir='ltr'><strong>egal,</strong></span> <span class='ocrx_word' id='word_1_264' title='bbox 2432 3735 2567 3786; x_wconf 72' lang='lat' dir='ltr'><strong>mais</strong></span> 
     </span>
     <span class='ocr_line' id='line_1_35' title="bbox 606 3807 2565 3893; baseline 0.005 -21"><span class='ocrx_word' id='word_1_265' title='bbox 606 3831 805 3873; x_wconf 86' lang='lat' dir='ltr'><strong>surtout</strong></span> <span class='ocrx_word' id='word_1_266' title='bbox 837 3839 928 3889; x_wconf 88' lang='lat' dir='ltr'><strong>par</strong></span> <span class='ocrx_word' id='word_1_267' title='bbox 962 3825 1012 3875; x_wconf 88' lang='lat' dir='ltr'><strong>la</strong></span> <span class='ocrx_word' id='word_1_268' title='bbox 1047 3816 1298 3875; x_wconf 74' lang='lat' dir='ltr'><strong>difficulte</strong></span> <span class='ocrx_word' id='word_1_269' title='bbox 1335 3831 1386 3874; x_wconf 87' lang='lat' dir='ltr'><strong>ct</strong></span> <span class='ocrx_word' id='word_1_270' title='bbox 1419 3828 1583 3877; x_wconf 75' lang='lat' dir='ltr'><strong>meme</strong></span> <span class='ocrx_word' id='word_1_271' title='bbox 1629 3825 1752 3877; x_wconf 88' lang='lat' dir='ltr'><strong>dans</strong></span> <span class='ocrx_word' id='word_1_272' title='bbox 1812 3825 1862 3876; x_wconf 88' lang='lat' dir='ltr'><strong>la</strong></span> <span class='ocrx_word' id='word_1_273' title='bbox 1903 3825 2106 3893; x_wconf 87' lang='lat' dir='ltr'><strong>plupart</strong></span> <span class='ocrx_word' id='word_1_274' title='bbox 2149 3827 2241 3879; x_wconf 87' lang='lat' dir='ltr'><strong>des</strong></span> <span class='ocrx_word' id='word_1_275' title='bbox 2296 3845 2381 3882; x_wconf 86' lang='lat' dir='ltr'><strong>cas</strong></span> <span class='ocrx_word' id='word_1_276' title='bbox 2422 3807 2565 3881; x_wconf 73' lang='lat' dir='ltr'><strong>l&#39;irn-</strong></span> 
     </span>
     <span class='ocr_line' id='line_1_36' title="bbox 602 3917 2556 3993; baseline 0.005 -26"><span class='ocrx_word' id='word_1_277' title='bbox 602 3917 889 3984; x_wconf 74' lang='lat' dir='ltr'><strong>possibilite</strong></span> <span class='ocrx_word' id='word_1_278' title='bbox 929 3920 992 3970; x_wconf 89' lang='lat' dir='ltr'><strong>de</strong></span> <span class='ocrx_word' id='word_1_279' title='bbox 1035 3920 1356 3971; x_wconf 87' lang='lat' dir='ltr'><strong>reconnaitre</strong></span> <span class='ocrx_word' id='word_1_280' title='bbox 1399 3920 1463 3970; x_wconf 88' lang='lat' dir='ltr'><strong>de</strong></span> <span class='ocrx_word' id='word_1_281' title='bbox 1515 3921 1661 3989; x_wconf 87' lang='lat' dir='ltr'><strong>quels</strong></span> <span class='ocrx_word' id='word_1_282' title='bbox 1695 3925 1830 3973; x_wconf 71' lang='lat' dir='ltr'><strong>etres</strong></span> <span class='ocrx_word' id='word_1_283' title='bbox 1867 3921 1903 3971; x_wconf 90' lang='lat' dir='ltr'><strong>il</strong></span> <span class='ocrx_word' id='word_1_284' title='bbox 1943 3937 1973 3972; x_wconf 86' lang='lat' dir='ltr'><strong>a</strong></span> <span class='ocrx_word' id='word_1_285' title='bbox 2014 3925 2356 3990; x_wconf 69' lang='lat' dir='ltr'><strong>precisement</strong></span> <span class='ocrx_word' id='word_1_286' title='bbox 2390 3924 2556 3993; x_wconf 77' lang='lat' dir='ltr'><strong>vqulu</strong></span> 
     </span>
     <span class='ocr_line' id='line_1_37' title="bbox 603 4012 2229 4086; baseline 0.004 -22"><span class='ocrx_word' id='word_1_287' title='bbox 603 4012 820 4079; x_wconf 81' lang='lat' dir='ltr'><strong>parler.“</strong></span> <span class='ocrx_word' id='word_1_288' title='bbox 895 4012 972 4064; x_wconf 84' lang='lat' dir='ltr'><strong>Cf.</strong></span> <span class='ocrx_word' id='word_1_289' title='bbox 1013 4016 1238 4066; x_wconf 88' lang='lat' dir='ltr'><strong>eiusdem</strong></span> <span class='ocrx_word' id='word_1_290' title='bbox 1278 4015 1405 4065; x_wconf 87' lang='lat' dir='ltr'><strong>Hist.</strong></span> <span class='ocrx_word' id='word_1_291' title='bbox 1446 4025 1548 4066; x_wconf 86' lang='lat' dir='ltr'><strong>nat.</strong></span> <span class='ocrx_word' id='word_1_292' title='bbox 1589 4016 1678 4067; x_wconf 87' lang='lat' dir='ltr'><strong>des</strong></span> <span class='ocrx_word' id='word_1_293' title='bbox 1718 4019 1954 4085; x_wconf 88' lang='lat' dir='ltr'><strong>poissons</strong></span> <span class='ocrx_word' id='word_1_294' title='bbox 1991 4019 2013 4069; x_wconf 86' lang='lat'>1</span> <span class='ocrx_word' id='word_1_295' title='bbox 2054 4035 2103 4086; x_wconf 92' lang='lat' dir='ltr'><strong>p.</strong></span> <span class='ocrx_word' id='word_1_296' title='bbox 2144 4021 2229 4074; x_wconf 82' lang='lat'><strong>23.</strong></span> 
     </span>
    </p>

    <p class='ocr_par' dir='ltr' id='par_1_10' title="bbox 460 4109 1703 4180">
     <span class='ocr_line' id='line_1_38' title="bbox 460 4109 1703 4180; baseline 0.003 -18"><span class='ocrx_word' id='word_1_297' title='bbox 460 4110 552 4180; x_wconf 84' lang='lat'><strong>63)</strong></span> <span class='ocrx_word' id='word_1_298' title='bbox 597 4109 733 4173; x_wconf 91' lang='lat' dir='ltr'><strong>VIII,</strong></span> <span class='ocrx_word' id='word_1_299' title='bbox 772 4111 855 4161; x_wconf 79' lang='lat'><strong>32.</strong></span> <span class='ocrx_word' id='word_1_300' title='bbox 899 4110 979 4164; x_wconf 87' lang='lat'><strong>79.</strong></span> <span class='ocrx_word' id='word_1_301' title='bbox 1022 4114 1109 4174; x_wconf 82' lang='lat' dir='ltr'><strong>IX,</strong></span> <span class='ocrx_word' id='word_1_302' title='bbox 1154 4115 1198 4162; x_wconf 91' lang='lat'><strong>1.</strong></span> <span class='ocrx_word' id='word_1_303' title='bbox 1238 4113 1320 4161; x_wconf 75' lang='lat'><strong>24.</strong></span> <span class='ocrx_word' id='word_1_304' title='bbox 1367 4114 1576 4175; x_wconf 82' lang='lat' dir='ltr'><strong>XXXll,</strong></span> <span class='ocrx_word' id='word_1_305' title='bbox 1619 4114 1703 4165; x_wconf 87' lang='grc'><strong>53.</strong></span> 
     </span>
    </p>

    <p class='ocr_par' dir='ltr' id='par_1_11' title="bbox 460 4204 1603 4275">
     <span class='ocr_line' id='line_1_39' title="bbox 460 4204 1603 4275; baseline 0.002 -18"><span class='ocrx_word' id='word_1_306' title='bbox 460 4204 724 4273; x_wconf 66' lang='grc' dir='ltr'><strong>64)’ἯΠ,</strong></span> <span class='ocrx_word' id='word_1_307' title='bbox 766 4207 845 4255; x_wconf 85' lang='lat'><strong>11.</strong></span> <span class='ocrx_word' id='word_1_308' title='bbox 889 4205 950 4255; x_wconf 85' lang='lat'><strong>13</strong></span> <span class='ocrx_word' id='word_1_309' title='bbox 1005 4205 1087 4258; x_wconf 84' lang='lat'><strong>30.</strong></span> <span class='ocrx_word' id='word_1_310' title='bbox 1130 4205 1213 4257; x_wconf 87' lang='grc'><strong>52.</strong></span> <span class='ocrx_word' id='word_1_311' title='bbox 1257 4208 1340 4258; x_wconf 88' lang='lat'><strong>57.</strong></span> <span class='ocrx_word' id='word_1_312' title='bbox 1379 4207 1603 4275; x_wconf 75' lang='lat' dir='ltr'><strong>saepius-</strong></span> 
     </span>
    </p>
   </div>
   <div class='ocr_carea' id='block_1_7' title="bbox 2773 985 2802 4761">
    <p class='ocr_par' dir='ltr' id='par_1_12' title="bbox 2773 985 2802 4761">
     <span class='ocr_line' id='line_1_40' title="bbox 2773 985 2802 4761; baseline 0 0"><span class='ocrx_word' id='word_1_313' title='bbox 2773 985 2802 4761; x_wconf 95' lang='lat' dir='ltr'><strong> </strong></span> 
     </span>
    </p>
   </div>
  </div>
 </body>
</html>
